2394 4148
247 378 286 436 ⁸2
511 391 632 437 uarum
652 388 832 436 rumarnrsn

246 500 437 563 Monstrandu
452 497 516 578 regi
529 500 652 575 haurias,
670 515 704 562 ae
718 498 832 562 ordinat
849 497 915 563 illas
931 547 938 578 ,

285 603 325 666 Et
340 603 431 665 voltai
443 618 583 681 campum
598 601 783 668 d’Aveniune
797 618 898 664 suum.

246 708 400 770 Plaserum
416 705 533 786 prendit
548 705 624 786 Rex,
639 714 669 768 et
682 704 804 769 ridendo
818 706 982 788 s‘aregrar,

285 809 482 891 Poyssansam
494 808 636 885 grandem
648 807 831 888 respiciendo
846 824 944 872 suam.

244 909 382 975 Francesi
396 912 525 974 bandum
539 912 745 975 demonstrant
757 912 860 975 ordine
874 913 1021 990 grandem
1034 933 1042 994 ;

284 1012 526 1091 Genti-galanus
542 1013 665 1077 Francia
681 1030 797 1094 semper
811 1015 912 1078 habet.

244 1117 525 1197 Lansaeanetorum,
541 1118 696 1197 bridandu,
710 1119 805 1181 banda
820 1116 1011 1200 triumphat,

281 1218 454 1298 Embriagat
466 1226 587 1299 tesiam,
603 1237 672 1283 eum
684 1221 761 1289 hene
772 1219 840 1284 rina
853 1222 965 1285 valent.

243 1324 282 1386 Et
296 1325 332 1387 de
343 1323 483 1388 Gaseunis
498 1327 629 1387 multum
643 1326 671 1387 ia
685 1325 781 1389 banda
800 1326 964 1407 merebat,

281 1427 336 1502 Qui
351 1429 426 1492 bene
441 1435 604 1509 patuerant,
618 1435 708 1506 arque
720 1434 838 1494 trucare
852 1432 961 1495 solent.

241 1531 329 1601 Alius
344 1531 475 1596 Suhicius
491 1531 623 1612 ridisses‚
637 1539 727 1610 atque
742 1534 919 1615 galhardus,

280 1635 336 1710 Qui
351 1643 470 1716 prepter
488 1643 616 1705 mortem
633 1654 691 1698 nun
707 1637 839 1699 reeulare
855 1640 970 1702 volunt.

240 1738 416 1802 Terribilem
430 1738 559 1802 bandum
573 1737 720 1801 sariebant
734 1736 870 1819 italiani,

280 1840 337 1915 Qui
349 1841 484 1921 rapinare
499 1843 595 1903 solent
610 1858 706 1919 usque
721 1848 833 1904 sacrata
845 1841 909 1906 Dei.

240 1944 283 2007 De
298 1943 483 2008 Prorensalis
497 1942 587 2007 etiam
601 1945 628 2005 la
641 1943 738 2006 banda
749 1941 915 2023 triumphat
928 1992 936 2024 ,

277 2048 457 2128 Puyssantes
470 2046 607 2110 homines
621 2045 678 2109 iste
691 2064 802 2129 paysus
816 2046 917 2111 habet.

235 2147 365 2211 Centum
380 2148 462 2212 mille
473 2147 610 2211 homines
621 2154 751 2211 armatos
764 2149 876 2211 Fransa
890 2149 1010 2212 tenebat
1024 2199 1032 2230 ,

277 2250 495 2332 impereiatoris
509 2270 591 2317 arma
606 2252 739 2316 timendo
754 2252 839 2316 nihil.
1121 2242 1123 2247 ’

235 2352 408 2432 Numquam
423 2362 505 2419 rania
526 2355 594 2436 iuit,
616 2354 731 2431 dieunt,
746 2353 789 2419 ibi
806 2354 880 2419 rista
893 2354 1008 2435 brigein
1021 2376 1030 2437 ;

276 2455 420 2537 Dixisses,
441 2461 573 2522 mundus
588 2466 661 2523 tune
675 2457 762 2540 quasi
776 2464 857 2521 tutus
869 2464 932 2523 erat
947 2481 954 2521 :

237 2560 444 2641 Miranturque
455 2546 591 2625 hemines
605 2569 733 2642 torquet
746 2571 852 2626 natura
866 2561 996 2639 crearit,

277 2665 410 2729 Semblat
424 2665 503 2744 quod
518 2671 616 2728 tantos
630 2682 689 2728 non
705 2665 859 2746 paradisus
872 2666 973 2730 habet.

235 2772 292 2840 n?
303 2765 385 2828 Vinti
399 2766 481 2829 mille
495 2767 572 2829 valet
585 2766 721 2831 hemines
735 2766 893 2848 praesentia
908 2766 1018 2846 Regis3

274 2867 432 2945 Curagium
446 2868 560 2933 eunetis
573 2879 673 2952 auget,
690 2879 720 2935 et
732 2878 820 2950 urget
832 2889 893 2936 eus.

235 2971 292 3032 Per
308 2984 447 3049 eampum
461 2973 566 3036 tendas
580 2975 726 3051 iecerunt,
743 2981 848 3053 torque
859 2975 1028 3052 cabannas,

274 3073 375 3155 Atque
394 3071 578 3156 pariiirunes,
591 3078 671 3157 quud
685 3093 749 3141 mea
765 3083 842 3141 tesia
859 3075 943 3142 rirai.

232 3177 278 3240 Ex
296 3194 355 3256 quo
368 3178 484 3256 pariatu
501 3195 532 3241 se
551 3181 715 3243 merrelhat
730 3181 945 3260 Induperaror;

272 3279 442 3355 Plangendn
455 3277 529 3342 dixit
544 3302 551 3341 :
569 3297 622 3343 nus
638 3282 795 3343 tremulare
809 3281 903 3344 deret.
