2394 4148
217 341 256 398 98
481 354 602 400 nerana
622 351 816 403 nominarer.

215 463 273 527 Sed
284 462 366 526 robis
379 464 447 543 Juro
466 469 595 543 sanctos,
615 478 719 532 omnes
733 477 853 541 qnoque
869 471 1023 548 moetas,

258 568 366 631 Contra
379 567 556 630 Marselham
574 564 617 629 nil
630 563 705 629 mihi
718 581 825 644 guerra
840 568 936 632 valet.

218 667 268 737 Bis
282 672 357 737 mihi
368 674 429 751 Jam
443 670 517 751 fecit!
526 686 722 753 poyssansam
736 671 861 751 perdere
875 679 999 756 totam,

256 777 299 838 Ite
314 791 362 836 me
377 791 409 836 se
427 773 530 836 trudat
544 770 727 835 Massiliense
741 789 856 851 genus:

218 878 315 951 Quare
329 894 388 940 non
403 894 474 940 onro
486 877 554 955 plus
571 890 620 937 me
637 875 763 939 ahusare
777 892 830 955 per
844 873 950 958 illam,

256 981 318 1043 Lon
334 986 430 1042 trente
444 978 556 1043 diables
571 996 631 1043 non
646 985 799 1059 superaret
816 994 895 1042 eam.
1078 1057 1082 1061 p

216 1083 273 1146 Sed
283 1090 430 1162 quantum
442 1098 576 1162 possum,
591 1099 672 1146 nnnc
681 1099 733 1144 vos
745 1079 793 1145 hio
802 1082 946 1163 deprecor
957 1099 1082 1168 omnes,

254 1185 401 1263 Adjnvate
417 1184 502 1264 mihi,
518 1203 571 1265 pro
586 1184 700 1248 ratione
718 1185 807 1248 hona.

215 1284 371 1356 Desolatus
386 1294 474 1355 homo
489 1308 569 1369 sum,
585 1294 655 1372 plns
670 1308 761 1373 qnam
775 1290 872 1355 dicere
883 1308 1026 1374 possem,

254 1397 311 1461 Ora
326 1402 437 1473 tacent,
453 1402 534 1459 totns
549 1397 686 1474 congelat
704 1412 770 1460 ossa
785 1412 887 1476 pavor.

214 1503 279 1566 Non
298 1509 399 1566 manet
413 1509 522 1583 optatae
541 1501 651 1565 misero
666 1517 734 1581 spes
748 1502 810 1563 ulla
827 1500 932 1564 salutis

255 1609 345 1686 Plus,
363 1606 420 1669 nisi
433 1624 486 1687 por
500 1605 634 1669 Genuam
652 1602 746 1682 gratia
766 1606 896 1683 qualque
910 1604 1013 1669 detur.

213 1710 334 1775 Francia
346 1711 411 1772 voit
429 1709 512 1772 voltis
526 1708 669 1788 grandem
683 1707 793 1770 donare
811 1712 977 1788 venutam,
1026 1732 1027 1739 ¹

255 1819 314 1878 Vos
334 1813 398 1878 odio
414 1813 533 1893 retinet,
553 1831 666 1893 vosque
679 1819 764 1875 toare
778 1814 867 1875 volet.
924 1845 927 1851 ·

214 1920 290 1983 Cnm
304 1920 407 1986 Genua
420 1919 514 1983 voluit
528 1921 642 1982 nnllam
656 1934 833 1998 componere
846 1932 968 1998 paoem,
1038 1958 1043 1966 -

254 2026 487 2108 lmbayssatores
502 2022 543 2086 sie
556 2022 680 2087 recitare
698 2025 806 2087 solent.

211 2128 291 2205 Ergo
304 2127 361 2191 cito
376 2136 508 2191 nostram
521 2127 674 2205 d'argento
693 2125 805 2190 furnite
824 2127 968 2207 bursam,

250 2229 289 2291 Et
304 2246 355 2290 vos
368 2229 534 2308 defendam,
549 2228 641 2291 Marte
652 2229 786 2309 juvante,
802 2229 890 2292 bene.

213 2332 269 2396 Sed
284 2329 367 2413 prius
383 2331 412 2395 in
434 2333 584 2414 Spagnam
598 2333 706 2394 vellem
722 2348 841 2412 pessare
853 2338 977 2413 repente

251 2438 310 2500 Per
324 2453 405 2500 mare
417 2435 588 2516 piscosum,
602 2435 628 2499 si
641 2435 715 2500 mihi
731 2444 848 2517 tempus
863 2436 945 2501 adest
958 2458 965 2516 ;

213 2542 252 2605 Et
268 2537 373 2604 faciam
392 2540 499 2611 taines,
520 2538 668 2618 vincenna,
684 2547 774 2619 atque
786 2540 935 2619 gahaitam

252 2643 393 2726 Roygabo
408 2642 563 2723 populum,
583 2641 807 2722 multiplicando
822 2657 952 2707 ornnem.

212 2743 372 2809 Presbiteri
391 2739 485 2823 gressi
503 2740 588 2804 nobis
607 2744 782 2822 solvantque
795 2739 963 2822 deoismas,

252 2844 375 2916 Quando
390 2858 508 2905 necesse
522 2840 603 2920 tirat‚
618 2841 740 2906 Francia
761 2839 877 2922 prendit
891 2858 952 2906 eas.

213 2946 289 3010 Cum
304 2946 387 3015 suero
401 2944 483 3027 felix,
505 2952 535 3010 et
556 2944 721 3025 gibbaoeria
736 2948 843 3026 plena,

252 3051 355 3113 Postea
371 3067 424 3130 pro
442 3051 525 3115 vohis
539 3054 616 3117 betia
630 3054 754 3116 movebo
767 3051 875 3116 libens.

211 3153 318 3217 Contra
332 3154 493 3219 Franoesos
508 3161 652 3219 armatam
667 3172 784 3236 semper
798 3153 933 3232 habebo,

250 3256 390 3319 Denarios
404 3265 520 3321 tantum
535 3257 654 3338 iornite,
671 3274 783 3337 (prieneo,
797 3254 881 3319 mihi.
