2394 4148
403 365 557 419 euronium
577 365 783 410 rurnnnmrus.
983 350 1021 408 55

174 477 249 538 Cum
264 474 348 537 iillas
361 490 466 553 narras
485 480 558 536 tunc
572 473 753 550 gasagnabat
767 473 804 536 ad
818 489 898 536 arma
912 523 919 553 ,

213 581 293 641 Dum
307 578 457 660 layssabat
472 594 533 656 eas,
556 576 684 654 quisque
697 576 815 640 rebellis
831 585 911 654 erat3

171 683 209 746 Et
225 681 409 761 garnisones,
426 679 539 757 siquas
557 681 684 759 ponebat
703 680 739 742 ad
753 679 839 757 illas,

210 789 315 848 Prestu
329 800 398 848 uum
417 783 504 846 ferris
521 782 591 844 nilla
606 783 709 844 tuabat
723 785 783 845 eas.

172 891 261 952 Sanni
275 887 492 970 iilaysseminus
507 889 565 949 fort
580 886 658 946 heul
681 889 810 950 usrlatus
825 887 862 948 ab
876 883 966 964 ipsis,

210 995 257 1056 An
276 992 465 1072 garnisonem
480 994 601 1056 verbera
621 995 715 1055 multa
729 989 819 1055 dedit.

171 1097 218 1160 Sic
233 1113 388 1176 nunquam
402 1096 499 1177 putuit
519 1096 603 1159 rillas
617 1096 647 1158 in
660 1112 730 1175 paee
744 1102 864 1173 tenere,

210 1201 357 1263 Continue
370 1213 480 1283 paysus
497 1217 532 1267 ,se
546 1201 702 1263 rebeeabat
720 1197 775 1260 ei.-

173 1307 336 1369 Demandat
350 1305 492 1367 Fransam
509 1319 625 1382 semper
639 1303 791 1367 Provincia
806 1312 903 1365 nostra
920 1352 927 1382 ,
1103 1296 1195 1444 ,ἰὴ

211 1411 276 1472 Non
293 1407 422 1470 similem
436 1407 555 1469 trubbat
569 1407 682 1470 Franca
695 1424 800 1470 corona
815 1408 915 1470 fidem.

175 1514 247 1586 Quae
266 1512 335 1576 ierit
350 1513 475 1575 referam
489 1510 609 1574 Solleris
628 1510 695 1573 rilla
709 1512 845 1586 relenta,

213 1619 286 1691 Quae
300 1623 382 1679 tenet
393 1616 430 1679 ad
444 1631 566 1693 guerras
580 1615 638 1677 sart
652 1617 793 1694 populare
803 1616 926 1678 bonnm.

173 1724 241 1798 Ung
253 1723 359 1800 jnrnus
373 1718 473 1781 rillam
488 1717 585 1781 subito
599 1725 745 1798 trompera
761 1719 904 1799 somarii,

212 1824 347 1887 Renrlere
365 1840 396 1885 se
411 1824 500 1885 venet
514 1828 631 1901 presto,
651 1822 801 1884 l'eraudus
816 1821 877 1885 air:

172 1924 333 2005 Respondit
348 1927 488 2005 populus,
505 1926 583 2003 quod
598 1943 656 1988 nun
672 1942 704 1988 se
721 1925 857 1988 renueret
870 1924 934 1999 ini,

211 2031 312 2108 Atque
326 2033 415 2093 malet
431 2029 530 2111 nutius
545 2029 638 2109 patria
657 2036 718 2092 tota
732 2027 818 2090 mori.

172 2135 242 2196 Post
255 2133 404 2196 modicum
418 2135 526 2196 bosans
541 2131 650 2195 iterum
666 2137 811 2211 trumpeia
826 2129 959 2210 revenit,

213 2233 379 2297 Sollicitans
393 2236 554 2313 populum,
574 2232 669 2296 dulcia
682 2235 770 2296 verba
783 2235 919 2311 loquens.

174 2335 198 2398 Ο
214 2352 305 2413 quam
318 2337 398 2397 finus
416 2341 478 2397 erat
492 2353 546 2415 pro
566 2342 741 2398 conturnare
757 2337 786 2397 la
800 2345 919 2413 gentem
933 2338 938 2398 1

214 2439 374 2501 Sermones
393 2438 516 2501 blandos
530 2436 632 2516 lingua
643 2437 756 2501 irianda
770 2439 868 2502 dabar.

175 2542 291 2622 Spagna
307 2559 484 2620 magagnosa
497 2542 640 2606 Fransam
654 2549 807 2624 trumpare
820 2545 987 2621 trahalhat;

213 2646 402 2727 &Hispani
422 2649 551 2729 flatiani,
572 2648 690 2726 quanda
707 2646 818 2709 trahire
832 2648 947 2709 volunt.

175 2749 208 2810 in
224 2766 359 2813 sermone
379 2769 432 2814 suu
446 2767 563 2831 semper
576 2753 649 2815 latet
663 2749 770 2828 anguis
783 2749 813 2811 in
829 2751 918 2812 herba
931 2770 938 2827 ;

214 2849 362 2927 Linguam
375 2850 513 2913 formavit
532 2855 661 2930 qualque
680 2854 788 2916 foletus
807 2852 859 2917 eis.

174 2951 296 3023 Quando
315 2958 422 3032 neiunt
441 2951 562 3031 aliquid,
576 2953 725 3031 perdulcia
744 2956 832 3017 rerba
846 2955 1019 3037 bahilhant,

213 3052 369 3116 Flatterias
382 3055 491 3136 jesana,
515 3055 602 3117 corde
621 3072 732 3118 venena
747 3063 861 3120 renent.

176 3154 362 3219 [remandant
376 3164 485 3238 trevas,
506 3158 624 3237 quande
638 3176 698 3220 non
713 3158 829 3224 vincere
843 3168 987 3240 possunt,

215 3258 253 3320 Et
272 3261 444 3357 machinare
456 3266 571 3343 volunt,
594 3280 645 3326 sen
661 3262 802 3327 fabricare
816 3267 940 3326 malum.
