2394 4148
299 756 369 875 lo
417 751 888 874 lllllllllllllll

389 1034 797 1104 AVISAMENTUM.

532 1300 663 1351 Εοῠ

169 1557 381 1617 Puurnaomna
396 1555 508 1634 volens,
524 1554 627 1616 borsas
642 1554 752 1616 lemare
766 1561 938 1622 memento:

209 1661 393 1738 Argentum,
410 1659 569 1738 plumbum
584 1675 702 1739 semper
715 1659 825 1723 habere
839 1663 932 1723 decer.

174 1765 304 1829 Sollicita
319 1764 472 1843 Dominus,
493 1780 610 1844 semper
622 1765 762 1844 parlaudo
776 1763 924 1844 henigne,
1029 1776 1032 1781 ·

214 1867 290 1930 Cum
304 1867 406 1949 paucis
420 1867 518 1931 uerbis
533 1867 681 1949 dulcibus,
698 1875 788 1949 atque
801 1868 898 1932 bouis.

178 1971 258 2035 Mille
276 1973 430 2035 benetatas
445 1973 563 2052 iauoha,
577 1973 716 2035 loroeudo
730 1975 758 2035 la
773 1975 906 2036 cambam
922 2023 928 2052 ,

214 2079 270 2141 Per
285 2083 383 2139 lotum
398 2077 557 2157 mundum,
575 2077 693 2158 quaudo
708 2077 820 2142 ridebis
835 2097 904 2159 eos,

178 2183 218 2246 Et
233 2200 291 2244 non
311 2199 477 2262 expargues
493 2183 576 2245 valde
594 2183 737 2246 cortesius
752 2201 838 2247 esse:

216 2284 371 2349 iusticiam
387 2302 504 2365 semper
520 2302 589 2348 cum
603 2285 712 2366 pietate
727 2294 804 2367 pole.

175 2391 266 2472 Bayla
281 2408 332 2470 pro
347 2391 473 2469 placeas,
491 2388 617 2469 pielosas
634 2397 724 2470 alque
739 2395 895 2474 querelas,

218 2494 257 2556 Ul
269 2499 299 2555 te
313 2493 505 2572 despacheut,
524 2500 645 2573 propter
659 2513 749 2558 auare
763 2497 852 2559 foras.

157 2619 161 2627 ¹
180 2593 289 2656 Passus
304 2595 445 2675 pendulos
460 2611 512 2675 per
528 2598 615 2659 sallas
629 2596 711 2660 mile
725 2615 843 2678 repassa
860 2647 866 2677 ,

220 2696 366 2758 Parlando
381 2699 473 2776 solus,
491 2705 520 2760 te
535 2701 735 2777 promenando
749 2701 835 2763 bene.

179 2800 222 2861 Tu
242 2799 294 2878 qui
308 2799 489 2883 playdegias,
505 2801 541 2863 de
556 2802 640 2865 nobis
654 2803 711 2866 ista
727 2802 843 2866 notabis
856 2824 862 2882 ;

219 2899 284 2962 Non
296 2900 372 2963 bene
386 2908 558 2982 contentus,
575 2919 628 2965 nec
640 2905 717 2965 male
732 2920 848 2984 semper
862 2902 930 2968 eris.

179 3000 306 3078 Aoorda,
328 3001 430 3062 acorda
446 3001 578 3083 debalos,
594 3020 612 3065 o
629 3005 707 3066 male
721 3009 797 3066 lesia
812 3024 818 3081 ;

220 3104 349 3167 Mullum
364 3104 519 3183 pugnabis,
536 3106 747 3188 playdegiaudo
762 3125 880 3187 pocum.

179 3207 251 3267 Plus
266 3207 344 3267 valet
358 3206 510 3287 acordum,
526 3223 616 3285 quam
631 3209 658 3269 13
674 3208 820 3271 sententia
834 3225 953 3289 grassa,

220 3307 402 3386 Quandoque
421 3327 480 3373 non
496 3327 613 3392 semper
628 3309 809 3392 respiciendo
828 3313 924 3375 bene:

872 3418 909 3476 16
