2394 4148
379 384 533 437 caroniam
557 386 766 432 rarrunaroms,
951 374 989 432 79

134 495 188 558 llic
201 492 286 558 nohis
301 496 437 575 exempla
454 493 532 558 dedit
546 496 623 558 hene
643 495 740 558 litere
755 497 886 577 mundo,

172 598 354 661 Gendarmas
368 597 468 661 docuit
483 597 671 676 guerregiare
685 600 772 662 hene.

131 703 317 767 Antichristo
332 705 394 766 rale
409 703 444 765 de
459 703 547 782 Lena,
564 703 676 780 grande
690 705 821 768 Profecta
837 755 844 786 ‚

170 807 217 868 Me
231 805 348 869 tristem
362 808 485 890 layssas,
502 823 570 868 sum
585 805 748 869 moriturus
762 825 828 886 ego.

132 914 256 992 Semper
270 911 327 975 erit
342 920 441 976 tecum
458 928 522 974 mea
536 928 620 974 mens
635 919 664 974 et
678 914 910 996 totaroluntaS,

169 1018 330 1095 Nunquam
346 1016 494 1096 perlectus
509 1022 610 1078 noster
624 1014 716 1079 abibit
730 1033 823 1079 amor.

129 1117 161 1181 Si
175 1117 327 1182 lachrimis
342 1117 451 1180 iterum
466 1126 566 1198 posset
581 1125 632 1180 tua
649 1117 706 1180 lita
721 1119 828 1182 retorti
842 1169 849 1200 ‚

168 1232 225 1298 aa?
237 1226 326 1305 Leva,
344 1243 424 1288 nunc
440 1223 592 1288 lachrimis
606 1222 704 1286 omnia
720 1226 806 1304 plena
821 1227 919 1289 lorent
935 1249 940 1288 :

131 1331 190 1395 Sed
204 1330 274 1409 quia
289 1349 348 1394 non
362 1337 488 1411 possunt
502 1329 630 1392 crudelia
645 1329 704 1392 lata
718 1330 849 1411 moleri,

168 1436 301 1498 Gaudeat
314 1433 346 1496 in
362 1432 446 1497 caelis
458 1450 579 1513 nomen,
596 1440 625 1496 et
640 1435 746 1497 umbra
759 1442 820 1497 tua.

131 1538 254 1600 Certum
267 1544 313 1599 est
324 1535 353 1597 in
367 1535 480 1600 cineres
494 1555 601 1617 corpus
619 1539 743 1600 mortale
755 1555 798 1600 rer
807 1537 881 1617 erti,

169 1639 226 1701 Sed
239 1646 339 1701 tamen
351 1645 481 1702 aeternus
495 1657 554 1701 non
568 1637 625 1701 erit
636 1637 686 1700 ille
702 1656 789 1717 sopor
804 1662 810 1701 :

128 1742 205 1803 Sunt
218 1741 327 1804 iterum
340 1749 450 1806 nostrae
464 1741 605 1806 rediturae
623 1741 652 1804 in
666 1760 788 1822 corpora
804 1741 891 1821 tileo,

167 1853 224 1919 (ff
234 1846 425 1925 Membraque
438 1846 587 1927 juncturis
604 1845 784 1910 restituenda
798 1845 870 1908 suia.

125 1950 220 2012 lanne
231 1948 351 2030 ginone,
369 1957 456 2013 tuum
471 1951 580 2014 Leram
595 1952 750 2031 ploraque,
764 1952 878 2030 replora
893 1999 900 2030 ,

166 2053 223 2127 Qui
236 2053 292 2116 tibi
303 2053 467 2134 coragium,
481 2053 699 2133 consiliumque
710 2055 797 2116 dabat
812 2075 818 2114 :

125 2158 249 2236 Plange,
262 2175 317 2220 nec
329 2175 344 2220 a
355 2156 506 2220 lachrimis
515 2174 649 2235 unquam
661 2164 710 2221 tna
720 2158 833 2222 lumina
844 2164 959 2223 cessent
973 2181 978 2219 :

167 2256 319 2320 Multoties
333 2264 412 2320 certe
428 2264 461 2319 tu
476 2257 639 2334 regretabis
654 2276 734 2322 eum.

125 2357 215 2439 Espia
230 2375 283 2438 per
297 2364 414 2439 postam
426 2365 493 2438 post
507 2357 691 2422 d'Arenioue
705 2369 857 2444 retornat,

168 2464 241 2537 Quae
255 2481 330 2527 nora
343 2462 499 2527 confestim
512 2481 572 2527 non
587 2465 662 2528 hona
675 2472 775 2530 contat
788 2466 825 2530 ei.

128 2568 214 2631 Hunc
228 2571 307 2633 male
320 2574 495 2632 contentum
509 2568 589 2649 lecit,
604 2571 751 2633 cantando
766 2573 896 2635 novellas
911 2594 917 2633 :

164 2676 277 2739 Pendet
291 2678 328 2740 ab
340 2694 390 2739 cre
409 2676 476 2757 riri,
497 2677 615 2757 quando
628 2687 762 2740 recantat
776 2693 836 2738 eas.

124 2775 297 2841 Franciscus
310 2777 390 2841 venit
404 2777 558 2840 Gallorum
572 2778 636 2840 Rex
649 2777 835 2840 venerandus
848 2826 855 2857 ‚

165 2879 221 2952 Qui
235 2883 346 2942 coelum
358 2887 388 2941 et
400 2887 511 2941 terram
522 2880 584 2957 lam
596 2880 754 2941 tremolare
765 2878 854 2957 facit;

124 2983 178 3046 Est
193 3004 273 3049 nunc
287 3002 357 3048 cum
372 2990 467 3063 tanta,
484 2990 566 3045 tanta
581 2980 726 3045 hraritate
745 2992 873 3047 renutus
888 3034 895 3065 ‚

164 3090 247 3162 Quod
263 3093 376 3171 nullus,
392 3090 492 3170 Cesar,
509 3087 627 3152 sincere
640 3094 740 3168 posset
759 3106 840 3152 cum.

125 3192 192 3271 lpse
207 3212 276 3256 suas
290 3203 395 3272 gentes
410 3212 492 3257 nunc
506 3193 660 3257 hrenione
674 3202 844 3274 recampat,

165 3295 338 3362 Terribilem
353 3316 492 3376 guerram
508 3317 587 3362 nunc
601 3300 754 3362 cumulare
766 3300 862 3379 juhet.
