2394 4148
384 393 538 447 carentem
560 393 765 440 rnrennronrs.
964 379 1003 434 29

153 505 378 584 Caprarnmque
387 518 505 582 greges,
517 508 546 565 et
558 509 664 566 curtata
676 511 807 565 armenta
821 507 1002 581 recampant;

193 607 295 685 Usque
308 605 406 669 asinos
420 622 560 689 maygros
578 606 627 667 lou
647 605 800 686 capitanus
815 606 904 669 babet
920 627 926 664 :

154 713 298 791 Perseos,
319 719 349 775 et
361 729 463 775 vaccas
481 713 613 796 toprosas
632 719 702 775 ante
717 713 895 789 rebalbant‚

192 814 241 878 Ad
259 814 399 878 Dominos
415 833 569 895 nunquam
583 814 767 880 restituendo
783 832 863 877 suos.

152 918 216 981 Non
238 936 345 998 penses
360 921 437 982 ullos
457 922 623 1006 layssarent
637 900 718 981 retro'
732 920 888 995 caralb0s;

192 1022 290 1086 Bestia
305 1039 358 1102 per
376 1023 503 1102 patriam
517 1042 582 1086 rara
597 1023 697 1087 relicta
715 1023 783 1086 suit.

152 1128 224 1201 Quae
238 1127 377 1206 prodesse
391 1128 490 1190 valent
504 1125 636 1206 inimico,
657 1126 785 1206 quisque
798 1130 914 1193 levabat
926 1150 932 1204 ;

192 1233 231 1297 bt
244 1230 301 1295 citd
316 1240 469 1295 mancaret
489 1248 578 1298 omne
592 1249 713 1296 necesse
725 1231 792 1295 sibi.

152 1338 314 1415 plangebat
327 1338 455 1416 populus
472 1334 604 1398 multdm
616 1336 653 1398 de
671 1337 758 1398 corde
772 1339 917 1414 molesto,

192 1439 231 1501 Et
244 1437 402 1501 lachrimas
418 1437 511 1502 oculis
525 1437 623 1502 omnia
639 1445 734 1503 castra
749 1439 870 1504 dabant.
911 1464 913 1469 ·

153 1541 320 1605 Gendarme
330 1542 438 1620 populo
452 1538 588 1604 dicebant
603 1563 609 1602 :
627 1558 711 1604 nunc
724 1540 910 1622 patiensam,

194 1641 255 1704 Vos
269 1642 471 1722 confortando,
488 1642 622 1722 prendite
636 1644 722 1707 corde
735 1645 813 1709 bono
828 1667 835 1707 :

155 1749 291 1826 Qualque
311 1763 535 1827 recompensam
552 1746 634 1810 vobis
653 1749 761 1812 donare
775 1747 888 1829 potebit

194 1851 270 1931 Rex,
287 1856 408 1931 propter
421 1851 542 1930 perdam
562 1865 653 1929 quam
667 1851 754 1914 mndb
773 1850 899 1931 spatisque
914 1852 999 1915 iacit:

154 1951 276 2016 Francia
293 1968 346 2033 per
365 1967 482 2032 semper
502 1953 539 2016 de
558 1953 637 2016 tacto
653 1960 791 2017 munerat
805 1950 891 2027 illos,

193 2058 251 2133 Qui
261 2064 383 2138 propter
396 2058 509 2135 Regem
528 2059 651 2138 perdere
662 2060 756 2122 multa
772 2061 879 2123 solent.

153 2159 315 2240 Respondit
326 2161 456 2240 populus
471 2183 478 2221 :
492 2161 570 2224 beut
588 2178 657 2239 qum
669 2160 809 2241 patientia
821 2162 894 2225 dura
908 2165 915 2225 t

193 2264 299 2330 Nescio
310 2264 379 2344 quis
390 2266 499 2346 peterit
515 2273 597 2331 tanta
611 2265 706 2348 patine
720 2269 808 2331 mala.

155 2370 260 2451 Dicite,
277 2370 303 2433 si
316 2372 440 2451 placeat,
461 2370 531 2450 qnid
545 2371 626 2436 enim
645 2389 699 2434 nos
713 2370 837 2436 fecimus
850 2372 927 2454 ipsi,
991 2384 993 2389 '

194 2474 321 2537 Perdere
333 2475 413 2552 quod
424 2472 511 2537 liceat
522 2472 619 2538 omnia
633 2480 734 2538 nostra
748 2475 825 2539 bona
836 2479 855 2538 ‘t-

154 2576 230 2639 Cum
244 2575 350 2655 grandi
367 2575 443 2657 penai
459 2595 517 2640 nos
528 2577 760 2658 aequistarimus
772 2576 843 2656 ida,

193 2680 232 2743 Et
243 2679 331 2744 modb
342 2698 397 2744 nos
411 2681 526 2745 bellum
543 2689 649 2746 anneta
664 2684 770 2746 rebare
781 2681 860 2746 racc.

154 2779 243 2845 Forsa
260 2789 363 2846 manet
381 2783 467 2847 nobis
481 2783 570 2848 etiam
584 2783 733 2850 dimittere
744 2784 849 2863 villas,
929 2814 933 2819 ·
1039 2768 1042 2772 ⁵

192 2883 232 2947 m
244 2883 308 2948 sine
320 2874 448 2948 denariis
464 2892 569 2965 preste·
577 2885 674 2964 fugire
692 2886 781 2949 toras.

153 2985 296 3051 Bannitos
310 2985 435 3051 miseros
454 2989 647 3069 sentiremus,
668 2987 709 3053 sic
722 2988 883 3070 fugiendo,
995 3009 998 3014 ·

192 3090 272 3154 burn
285 3098 406 3172 propter
423 3089 537 3155 crimen
551 3089 632 3155 curia
646 3090 750 3154 bannit
762 3110 830 3173 em,

152 3193 327 3277 doymianos
341 3197 428 3277 sinos,
442 3203 597 3263 currentes
608 3195 724 3260 elimata
739 3198 861 3274 mundi,

193 3301 303 3369 Dentes
322 3300 469 3379 fortunas,
483 3303 570 3381 plura
582 3302 723 3379 robanda,
739 3304 831 3377 bonas
848 3327 854 3366 ι
