2394 4148
413 362 567 418 caroniam
590 367 794 412 nrrnnarnnm.
991 355 1029 414 87

177 473 250 535 Plus
266 473 343 535 valet
357 473 495 535 auselum
506 471 543 534 de
556 470 668 553 eampis
682 471 796 552 trigiler
810 492 893 557 asse,

216 576 313 650 Quam
326 593 379 657 per
391 593 531 657 presones
549 576 737 659 playdegiare
753 578 854 642 nimis.

175 679 299 747 Francia
314 701 368 746 sen
382 699 521 764 eampum
538 699 655 764 semper
669 685 706 747 de
720 693 810 764 gente
828 688 972 768 retorsat3

215 787 273 848 Ast
287 802 342 865 ega
357 784 501 867 diminuo,
517 804 591 865 gens
610 803 676 850 mea
690 795 751 851 tota
766 789 843 868 fugit
858 813 865 852 :

175 887 213 952 Se
230 889 360 953 rendunt
373 906 478 953 amnes
491 890 528 953 ad
542 891 696 971 Fransam,
716 897 814 974 trayta
825 895 965 973 eanalha,

213 993 260 1056 lle
273 996 406 1075 layssant
419 992 575 1074 miserum,
592 1010 660 1056 sum
675 993 759 1072 quasi
773 998 854 1059 salus
866 1013 932 1076 ege.

174 1093 326 1160 Gallorum
344 1094 453 1160 furiam
472 1095 562 1160 timeo
580 1099 649 1176 plus
667 1114 758 1176 quam
772 1101 801 1162 lo
812 1098 944 1182 diables,

213 1203 322 1265 Contra
336 1218 385 1267 me
402 1202 487 1266 valde
500 1201 659 1265 corraeiata
673 1210 785 1268 manet.

174 1307 227 1370 Est
244 1308 332 1371 meda
345 1306 521 1371 Franciseus
539 1307 604 1369 Rex
617 1314 875 1391 tres-peyssantus
888 1310 919 1373 in
932 1330 1023 1393 auro,

213 1413 300 1475 Hunc
311 1413 396 1490 Juvat
409 1417 440 1474 et
454 1411 595 1491 populus,
610 1427 680 1474 eum
694 1430 748 1475 sua
761 1413 852 1477 bursa
866 1415 962 1479 lalhit.

174 1517 260 1582 Alter
274 1516 434 1597 Pompeius
447 1533 527 1579 nunc
540 1523 598 1595 est,
610 1533 645 1580 ae
657 1518 732 1580 altar
745 1516 878 1580 Achilles
891 1567 898 1596 ,

214 1618 366 1684 Terribilis
379 1621 506 1699 Sanson,
521 1617 651 1682 Annibal
663 1627 753 1698 atque
766 1619 847 1682 ferox
861 1640 868 1697 ;

172 1724 211 1787 et
224 1722 250 1786 si
267 1723 445 1803 guerrando,
465 1741 519 1803 pro
538 1739 570 1786 se
582 1722 702 1787 victoria
717 1730 829 1800 restet,

213 1824 377 1908 Imperium
390 1824 497 1907 capiet,
518 1826 560 1890 sie
576 1825 635 1889 cito
653 1828 743 1889 Cesar
754 1824 822 1888 erit.

171 1929 226 1992 Est
241 1927 348 1992 melius
359 1931 456 1991 mullo
467 1945 516 1991 me
528 1945 587 1990 non
602 1926 711 1990 donare
730 1927 901 2005 hatalham;

212 2032 245 2093 ln
260 2047 335 2107 gran
347 2027 487 2107 dangerin
501 2025 551 2090 hic
563 2043 629 2090 mea
644 2024 703 2087 vita
715 2025 801 2088 leret.

171 2133 255 2197 Unus
269 2133 359 2193 homo
375 2128 492 2208 sapiens
506 2144 568 2189 non
585 2125 809 2206 interprendere
822 2126 929 2207 debet,

211 2232 295 2306 Quod
309 2249 362 2294 sua
374 2246 535 2312 poyssansa
550 2245 609 2290 nnn
621 2229 742 2291 ambare
753 2235 861 2307 potest.

170 2336 258 2399 Nune
275 2333 364 2397 aliam
375 2331 462 2413 eupia
482 2332 625 2410 grandem
639 2338 758 2396 eantare
768 2333 937 2399 bravessam

212 2441 255 2502 De
268 2435 454 2501 Provensalis
466 2485 473 2516 ,
486 2441 577 2514 gente
591 2434 681 2498 fiable
695 2431 760 2498 libi.

172 2543 401 2623 lmperelatorus
415 2537 506 2602 voluit
525 2552 715 2618 corrumpere
725 2541 847 2620 plures,

210 2643 333 2717 Quando
347 2648 410 2704 erat
423 2639 454 2703 in
467 2656 570 2722 payso,
585 2636 715 2718 plurima
727 2639 824 2702 danda
837 2640 925 2701 bona.

170 2748 349 2826 Argentum,
365 2747 535 2825 plumbum,
550 2742 665 2818 baggas
679 2743 789 2805 donare
804 2742 920 2804 volebat

209 2846 404 2912 Promittehat
418 2845 461 2908 eis
475 2844 574 2909 caelica
588 2863 679 2924 regna
691 2843 764 2924 Dei,

170 2951 210 3014 Ut
226 2959 331 3014 eontra
349 2949 493 3011 Fransam
507 2964 588 3010 nune
601 2952 702 3010 essent
720 2944 799 3024 espia
816 2951 956 3026 tantum,

209 3052 311 3131 Atque
326 3050 438 3115 veniret
449 3048 477 3114 ei
495 3051 625 3128 qualque
639 3049 754 3110 novella
768 3049 864 3126 bona,

171 3152 218 3215 Ad
229 3171 368 3234 campum
379 3155 499 3216 Fransae
512 3151 591 3216 irent
602 3148 755 3214 Aveniane
766 3158 903 3231 posatum
916 3199 924 3230 ,

211 3256 351 3319 Blancam
365 3256 401 3320 de
415 3258 525 3320 Fransa
540 3261 639 3335 presto
653 3253 781 3316 holande
795 3268 934 3330 erucem3
