2394 4148
891 321 1047 382 ‹ll

255 644 266 673 .·
287 596 479 672 Juulnlrrs
508 599 603 674 ALBI
632 600 771 676 Muurur
793 601 951 678 INSULAE

193 777 406 837 venuuulnl
425 778 682 838 nllarolntnou
709 777 844 842 Anrouro
869 787 1037 860 ΔΝΜ,

390 923 462 998 ludici
481 927 503 1001 l.
523 928 545 1001 ll.
568 928 635 1001 rnr'co
655 952 693 1002 suo
708 930 842 1006 charissimo.

599 1119 646 1133 —

190 1266 303 1331 ltuncrr
318 1273 390 1330 sunt
419 1268 525 1348 apibus
543 1268 694 1332 montanis
712 1271 800 1332 rnella
822 1269 944 1349 cicadis;

226 1371 287 1433 Ro's
303 1369 379 1432 mihi
411 1369 580 1435 nominihus
593 1371 691 1436 littera
704 1373 782 1435 lacta
796 1371 868 1435 tuis.

186 1471 269 1534 Musa
283 1470 471 1535 machaonios
485 1470 608 1551 paulum
622 1472 750 1536 demissa
764 1490 898 1538 recessus

234 1571 355 1653 Desine,
370 1579 441 1634 sunt
455 1571 565 1636 nostris
576 1573 627 1637 lrlu
639 1573 796 1638 recinenda
809 1575 896 1659 lyris.

187 1676 260 1752 Quis
280 1675 338 1739 nisi
355 1693 507 1758 praerauoo
523 1677 603 1758 potis
617 1684 663 1741 est
678 1667 803 1743 cantate
819 1682 947 1756 canoro,

226 1783 355 1851 Rancida
369 1784 417 1849 cui
431 1788 528 1849 multo
542 1791 668 1864 guttura
686 1784 762 1849 lacta
777 1786 866 1850 situl

182 1888 223 1953 At
238 1898 270 1952 tu
284 1928 293 1971 ,-
311 1888 364 1970 qui
378 1888 499 1953 assiduo
518 1905 676 1953 musarum
695 1888 800 1952 niteris
814 1907 892 1970 usu,

219 1989 327 2072 Accipe
344 2008 394 2055 me
408 1991 538 2072 facilem,
559 1989 793 2070 qualiacumque
806 1991 912 2055 leram.
996 2047 999 2052 .

180 2093 296 2158 Omale
314 2095 459 2158 damnoso
473 2094 622 2159 fluitantia
641 2102 774 2176 tempora
789 2094 902 2158 Martel

221 2196 412 2277 Dispeream,
435 2197 461 2260 si
480 2215 604 2262 menon
623 2200 709 2277 iuvat
728 2215 793 2262 esse
808 2214 921 2261 senem.

181 2299 314 2362 Gaudeat
334 2301 476 2380 expulsos
495 2296 602 2363 iictrir
623 2299 778 2364 Provincia
791 2303 913 2382 luctus,

220 2402 458 2482 Quos-gravibus
471 2405 599 2486 damnis,
615 2406 709 2469 Marto
723 2405 854 2486 lurente,
870 2405 952 2469 tulit.

183 2504 286 2571 llilitiai
301 2522 397 2585 genus
418 2521 506 2570 omne
520 2513 630 2587 scatet,
646 2523 743 2585 genus
757 2521 847 2569 ornne
870 2508 1037 2589 malorum,

220 2608 347 2687 Raptus,
366 2606 498 2687 flamma,
520 2622 650 2686 merum,
667 2606 782 2686 lunera,
798 2606 889 2686 turta,
911 2606 1032 2681 Venus,

176 2707 359 2783 Quinetiam
379 2709 458 2771 lama
476 2714 522 2771 est
537 2711 649 2771 multas
663 2707 815 2788 peperisse
828 2709 944 2788 puellas
959 2757 966 2788 ,

214 2810 289 2884 Qnae
303 2808 393 2873 simul
412 2808 521 2873 amissi
537 2809 707 2888 virginitate
722 2810 846 2889 pudent.
937 2823 940 2829 ·

172 2913 271 2978 Gloria
284 2930 331 2978 γε)
344 2913 454 2992 quibus
468 2915 662 2978 est-hnmano
677 2911 824 2992 sanguine
836 2919 921 2994 parta
937 2936 943 2975 :

211 3015 281 3080 Haec
294 3014 407 3079 licuere
424 3014 517 3096 lupis,
539 3017 596 3078 hoc
610 3013 719 3078 facient
734 3013 852 3093 aqunae.

170 3118 270 3197 Pluto,
285 3115 382 3196 pande
395 3113 498 3196 sinus,
519 3122 549 3179 et
562 3116 662 3196 proler
675 3115 847 3196 porthmida
860 3116 1007 3195 Charon,

209 3214 340 3287 Qualiter
360 3216 508 3297 absorptae
521 3214 719 3285 restituentur
733 3233 826 3307 opes„
