2394 4148
171 354 210 414 28
438 366 558 411 urruns
581 366 760 412 nnrnnrnrsn

173 475 220 539 Nil
236 475 340 538 timeas
360 474 515 554 Fransam,
530 473 591 537 neii
603 492 745 553 cargnare
755 473 871 540 dolores
888 499 895 538 :

166 608 181 638 ι
214 580 256 642 Te
270 578 452 657 restaurabo,
473 578 559 657 plura
573 576 702 640 sedando
715 577 803 640 buna.

174 679 340 762 Esquinare
352 682 417 744 vulo
431 681 606 759 Francesos,
621 686 711 759 atque
723 679 848 744 rebelles
863 704 869 742 :

214 786 289 847 Sum
303 782 408 847 mundi
421 781 578 862 Dominus,
596 791 686 862 atquc
704 781 848 861 magister
861 801 924 850 erc.

174 897 231 959 Per
245 899 342 956 toturn
356 890 503 954 mundum
517 889 621 954 facum
634 892 747 972 pariare
759 888 925 957 maritum:
1018 898 1022 909 '

215 997 334 1062 Primus
345 1013 396 1060 ero
407 994 560 1076 Princeps,
582 995 645 1076 ipse
656 996 804 1059 secundus
818 994 885 1059 crit.

175 1103 233 1167 Sed
248 1103 306 1165 Vos
320 1099 434 1164 uidistis
448 1099 519 1180 quid
535 1099 615 1181 fecit,
629 1101 701 1164 falsa
716 1101 884 1180 loquendo,

215 1209 326 1290 Paysos
339 1223 396 1268 non
409 1203 505 1285 putuit
525 1202 683 1268 restituere
694 1201 769 1282 sibi3

175 1312 314 1389 Unquam
328 1324 383 1372 nec
397 1307 482 1372 faciet
496 1330 502 1369 :
516 1309 571 1370 hos
585 1307 707 1372 Francia
721 1323 837 1389 semper
850 1306 973 1372 habebit
987 1331 997 1388 ;

213 1414 289 1478 Nam
303 1410 360 1476 sibi
372 1411 551 1476 conveniunt
565 1411 725 1494 forthere,
742 1415 810 1495 pius
824 1415 989 1493 que'bene.

175 1516 233 1580 Sed
245 1513 368 1582 recitare
383 1520 448 1590 volu
467 1517 557 1582 Vobis
572 1513 707 1580 mirabile
720 1516 854 1596 sactum,

215 1620 298 1694 Quod
311 1636 465 1700 nunquam
478 1620 564 1701 cidit,
581 1636 683 1700 pensu,
697 1626 815 1683 creatus
826 1621 928 1682 hume.

177 1724 282 1788 Vestre
296 1725 457 1802 gendarme
469 1725 605 1789 fecerunt
619 1724 737 1802 quando
749 1725 911 1802 ingestum
988 1806 991 1814 Ι

216 1830 275 1893 Des
290 1827 401 1894 vievres
419 1827 586 1908 hominum,
603 1826 798 1907 bestiarisque
812 1826 922 1907 simui,

177 1934 211 1996 in
223 1932 363 2012 fugiende
375 1948 475 2012 copus,
491 1938 521 1994 et
534 1932 719 1997 ransnnandu
730 1935 758 1994 la
773 1938 919 2011 gentem,

217 2033 314 2097 Omne
327 2035 440 2096 malum
454 2034 559 2097 mundi
572 2035 666 2115 patria
681 2035 834 2117 passa'iuit
847 2085 854 2116 ,

177 2134 234 2198 Per
248 2140 326 2197 tutas
340 2134 436 2215 villas,
451 2151 504 2215 ner
516 2153 591 2215 quas
610 2155 730 2219 pessare
745 2140 859 2204 solebat

217 2238 348 2318 Campus
362 2239 399 2305 de
411 2239 530 2322 Espana
542 2241 703 2324 pessimus,
724 2249 814 2322 atque
828 2244 944 2309 iurens,

179 2345 263 2408 Tunc
282 2341 325 2406 ibi
337 2345 491 2409 brulantes
510 2352 668 2426 gestarunt
685 2347 784 2427 blada,
803 2347 929 2429 sannas,

217 2445 302 2511 Bladi
317 2448 477 2531 garnerius,
498 2450 806 2532 omniesennahona3
911 2460 913 2465 ’

178 2552 218 2617 Et
232 2555 331 2635 paleas
344 2570 459 2635 omnes,
475 2553 576 2617 sinus
590 2562 681 2634 atque
699 2563 888 2636 cremarunt,

221 2655 297 2720 Cum
316 2656 425 2738 quihus
440 2655 609 2739 ingraysset
626 2658 834 2739 paliafrinerus
845 2676 949 2740 equus.

181 2759 238 2823 Per
252 2769 346 2824 terras
360 2759 535 2824 etiamtunc
552 2759 649 2826 dulcia
662 2760 729 2826 vina
741 2761 896 2842 agitabant,

218 2862 258 2927 Et
275 2863 450 2946 carsaiadas,
471 2864 691 2946 fromagiosque
704 2867 798 2931 bunos
814 2856 826 2930 :¹

178 2963 218 3029 Et
236 2963 313 3030 nihil
329 2965 366 3029 ad
385 2964 509 3031 miseras
527 2974 632 3047 gentes
650 2987 705 3051 pro
722 2968 820 3034 vivere
835 2970 970 3052 layssant
980 3019 993 3049 ,

219 3067 361 3142 Quamvis
373 3086 435 3133 non
446 3078 569 3151 possent
585 3089 617 3136 se
635 3070 758 3137 retirare
771 3073 868 3136 foras:

179 3177 280 3252 ntque
293 3172 492 3237 tracassarum
506 3175 621 3255 furnos,
637 3182 667 3238 et
683 3180 789 3240 cuncta
804 3173 928 3253 molina,

218 3275 321 3343 Restat
339 3275 413 3343 etin
429 3295 519 3361 payso
539 3285 617 3343 tunc
635 3280 712 3349 mola
725 3280 807 3343 nulla
827 3276 947 3342 virens:
