2394 4148
168 356 206 414 90
432 369 552 415 urrcna
573 367 753 415 nurnrrmsn

168 478 261 544 Extra
276 479 458 543 Prorensam
469 479 506 541 de
519 477 620 541 'lenda
636 477 762 559 (lunius,
777 485 809 542 et
824 477 887 561 ipsi

210 584 311 648 Nostri
325 582 467 668 paysani,
485 581 688 660 belligerando
701 584 798 662 bene,

172 689 413 769 lmporelalorem
431 690 620 765 chassarum,
636 693 726 766 alque
744 688 915 753 laniarunt:
1002 744 1006 750 .

209 793 285 856 Com
303 792 408 871 grandi
422 809 507 870 gorra
522 789 651 870 quisque
665 791 799 854 mocabal
815 808 905 856 eum.

172 899 256 978 Saepe
270 898 425 977 galopahal
440 913 492 976 per
506 911 626 975 campos
640 895 716 958 lorte
730 896 879 975 cavallos3

211 1000 337 1084 Paysani
352 999 463 1064 iaciunt
480 1006 580 1080 presio
594 1001 691 1062 levare
706 1000 795 1080 pedes
810 1021 816 1063 :

170 1106 202 1170 ln
221 1114 388 1183 [err-amque
403 1121 522 1183 noram,
537 1103 691 1183 fugiendo,
707 1121 739 1167 se
753 1103 811 1168 cito
827 1107 924 1169 saliat
940 1130 948 1171 :

210 1209 332 1283 Quando
348 1209 465 1288 Spagna
481 1206 570 1288 logii,
586 1209 697 1271 Fransa
715 1209 826 1287 pelolat
841 1197 923 1273 eam.

170 1311 347 1376 Marchando
366 1319 456 1390 reiro,
474 1318 585 1374 serrula
599 1319 711 1375 armala
727 1310 878 1393 caminai,

208 1418 255 1479 Ad
271 1419 296 1479 la
310 1432 504 1496 campagnam
519 1432 649 1495 comque
663 1414 770 1479 timore
782 1424 920 1481 manent.

131 1586 134 1591 ,
171 1521 285 1602 Paysus
304 1521 409 1583 devoro
420 1518 573 1583 Christum
588 1519 625 1583 de
638 1525 740 1582 menie
753 1518 906 1599 cridabat,

211 1625 271 1685 llos
283 1627 412 1704 psalmos
427 1631 538 1703 camai,
554 1624 636 1686 hunc
650 1621 773 1685 relirare
785 1621 911 1686 ridens:

171 1722 332 1806 Rumpere,
349 1743 461 1806 quaeso,
477 1725 531 1789 riui
546 1724 632 1789 laciai
646 1722 823 1804 Proserpina
837 1726 953 1788 collum
967 1747 974 1804 ;

189 1833 191 1838 ’
211 1830 303 1903 (ῦο
318 1831 493 1893 Salanassel
510 1830 605 1908 Fuge,
623 1846 680 1891 non
694 1827 855 1906 rediturus,
872 1826 933 1892 ahi.

171 1931 339 2012 Numquae
354 1932 526 2014 dispensant
542 1932 676 1996 mortalia
690 1932 749 1994 iaia
765 1947 901 2010 sorores,

210 2037 272 2101 Fila
287 2038 380 2102 nolint
395 2038 463 2103 rirae
479 2045 579 2120 presto
593 2052 699 2117 copore
712 2043 785 2100 tuae.

168 2143 223 2210 ut?
236 2137 315 2200 Vade
330 2137 360 2200 in
376 2141 552 2217 malhoram,
573 2155 659 2200 sensa
674 2146 792 2203 tornare
803 2140 993 2223 iamayssum
1009 2165 1016 2223 ;

206 2241 387 2306 Provensam
401 2243 513 2324 lachaS,
529 2242 647 2324 proficis
663 2251 754 2322 alque
773 2243 858 2308 nihil.

166 2344 330 2410 Consilium
345 2349 452 2412 melius
470 2349 575 2414 habuit
590 2353 645 2414 hoc
659 2349 787 2415 Francia
801 2368 982 2434 nunquam,

209 2446 332 2519 Quando
347 2444 467 2526 reliquii
479 2467 550 2514 eum
569 2468 602 2515 se
614 2453 784 2515 trahallrare
797 2452 897 2515 modo.

168 2550 272 2633 Villas‚
288 2570 342 2616 neo
357 2560 472 2632 gemes,
491 2572 544 2619 nec
560 2574 667 2638 paysos
680 2555 808 2637 perdidit
821 2558 920 2638 ullos,

208 2653 352 2733 Gaguarit
367 2671 517 2736 guerram,
537 2674 623 2721 sensa
637 2661 761 2724 chocare
780 2659 865 2724 riom.

168 2758 409 2839 lmporelatorem
428 2760 510 2824 valde
524 2779 701 2828 consumere
716 2763 803 2846 lecit,

211 2861 419 2925 Pcrlruslraril
441 2881 491 2927 cos
510 2865 646 2946 pluribus
660 2875 751 2947 alque
763 2866 861 2932 honis.

168 2964 225 3025 Per
238 2963 344 3042 longos
360 2983 466 3049 paysos
480 2966 567 3032 illum
582 2973 738 3035 marchare
752 2969 869 3050 coegit,

207 3073 263 3142 (0²
275 3067 313 3132 dt
327 3086 452 3149 persona
475 3091 527 3137 sua
542 3076 629 3155 plena
645 3073 754 3138 laboris
769 3081 843 3139 erat.

168 3171 292 3234 Blancos
306 3171 373 3237 lecit
387 3172 414 3238 ei
427 3177 530 3255 plures
545 3177 651 3241 sortire
667 3179 787 3258 capillos
801 3199 807 3240 :

208 3281 362 3344 Deiectum
376 3285 511 3365 languei,
529 3281 719 3360 abreiialque
731 3281 793 3345 dies
