2394 4148
168 330 205 389 rt
436 346 554 390 arescat
577 347 756 392 earnernrsa

167 458 462 535 Lansaqnanetorurn
478 478 529 541 per
542 477 662 538 campos
674 459 770 522 banda
782 462 933 524 brarabat
950 513 959 543 ‚

209 564 265 638 Qui
280 573 400 646 prepter
415 564 517 627 vinum
534 584 592 628 nen
608 568 740 628 recubare
755 566 852 629 solent
869 591 875 629 :

169 671 211 733 Lo
225 669 330 749 dringo
345 669 450 733 vinurn
464 669 500 733 de
524 677 598 733 testa
613 670 699 733 dulce
713 669 855 734 bibebant
868 694 875 749 ;

209 773 266 846 Qui
279 775 355 836 bene
367 792 426 836 non
438 774 566 853 chariat,
583 775 757 853 belligerare
772 773 888 852 nequit.

169 877 298 940 Multum
313 876 396 938 tertis
411 883 474 938 erat
489 893 541 938 sua
555 877 755 951 l’avangardia
776 897 900 959 gressa,

209 979 249 1042 Et
265 981 341 1041 bene
356 979 471 1056 garnita
487 978 582 1060 reyria
598 981 688 1057 garda
704 981 794 1044 sirnnl
813 1006 818 1044 :

169 1082 207 1144 Et
223 1080 279 1144 sibi
293 1097 400 1158 magna
415 1081 471 1143 fuit
485 1081 532 1145 hic
546 1083 696 1146 artilharia
711 1085 832 1163 grandis
847 1137 852 1164 ,

208 1189 282 1260 Quae
296 1187 494 1266 desparrande
509 1203 664 1252 murmura
680 1206 788 1269 magna
804 1190 903 1253 dabat.

169 1294 238 1354 Fert
253 1288 431 1352 s’estonabat
446 1293 574 1369 pupulus
592 1292 759 1369 crcgnende
774 1293 906 1354 furorem
922 1342 929 1371 ‚

207 1394 248 1456 Et
263 1391 386 1472 pedibus
400 1391 509 1472 prestis
524 1393 702 1471 retiugiebat
722 1411 813 1468 enrn,

168 1498 263 1577 Supra
277 1494 456 1575 l'esquinarn
472 1513 595 1574 rnagnos
612 1498 754 1576 portando
769 1503 935 1577 paquetcs;

208 1599 341 1680 Quisque
355 1600 490 1664 maiades
504 1603 593 1664 homo
607 1607 678 1663 tnnc
697 1599 837 1679 rugiendo
852 1604 942 1664 ualet.

169 1704 290 1769 Dicebat
305 1706 436 1770 medicus
452 1706 638 1767 Lavcnculus
655 1704 706 1766 ille
720 1704 847 1784 uellus,

210 1809 344 1873 Virtutes
359 1827 477 1887 grossas
493 1805 626 1886 suggerit
643 1805 707 1888 ipse
721 1806 821 1870 timor.

170 1913 299 1977 Vidisses
314 1922 425 1977 rnatres
439 1914 568 1976 infantes
582 1913 659 1975 ferre
673 1911 780 1991 petitus
794 1933 800 1988 ;

209 2017 332 2080 Brachia
348 2033 417 2080 curn
432 2014 543 2078 bressis
562 2021 639 2077 testa
654 2015 771 2077 delebat
789 2013 841 2076 eis.

169 2120 313 2198 Tempore
327 2120 363 2181 de
376 2121 466 2194 lenge
482 2125 670 2197 praegnantes
685 2122 714 2180 et
729 2116 869 2179 rnulieres

209 2221 266 2281 Per
280 2219 358 2282 vicos
373 2226 458 2283 natos
475 2227 547 2283 tunc
562 2238 704 2301 peperere
718 2238 788 2283 suos
806 2243 812 2280 z

171 2324 211 2385 La
226 2329 360 2385 matrona
375 2325 461 2403 sagax
475 2343 534 2386 nen
548 2323 739 2386 succurrebat
751 2330 781 2384 et
795 2321 853 2384 illis
867 2343 873 2399 ;

213 2424 261 2498 Sic
273 2424 337 2488 sine
357 2426 506 2506 baptismo
520 2443 601 2489 mers
616 2425 747 2506 rapiebat
762 2444 822 2489 ecs.

172 2528 230 2590 Per
243 2535 360 2591 montes
377 2528 472 2608 ibant,
488 2531 565 2592 altos
581 2529 748 2607 cerquande
764 2529 909 2608 forestes,

214 2631 342 2695 Baurnas
356 2633 508 2710 obscuras,
528 2631 587 2693 alta
605 2649 720 2695 rocassa
735 2649 873 2711 qucque3

172 2732 349 2806 Quaerebant
367 2737 471 2800 boscos
486 2734 676 2816 tenebrosos,
693 2735 754 2799 sive
769 2738 900 2815 celetas,

213 2839 269 2901 Per
290 2857 364 2918 quos
379 2858 464 2903 rarus
478 2841 567 2903 horne
585 2847 685 2920 posset
699 2839 808 2902 habere
820 2838 909 2901 viarn.

172 2940 255 3004 Tunc
269 2941 306 3003 ad
319 2941 505 3022 propesitum
518 2941 600 3007 venit
615 2944 772 3023 espelunca
786 2943 938 3003 latronum
954 2959 961 3016 ;

212 3044 259 3107 Ad
274 3052 422 3125 punctum
433 3046 558 3109 veniunt
573 3045 699 3128 pessime
715 3063 793 3126 saepe
807 3042 904 3108 banis.

171 3146 247 3208 Gurn
261 3145 353 3209 bestis
365 3147 462 3211 brutis
476 3149 623 3213 iaciebant
642 3149 729 3210 dulce
743 3163 906 3227 repansum
922 3194 930 3224 ,

213 3249 261 3313 Ad
275 3257 370 3314 castas
385 3251 495 3315 durum
510 3260 588 3316 terra
601 3250 698 3315 cubile
712 3251 810 3313 dabat.
