2394 4148
391 381 545 451 cuononi
567 401 770 446 rurunnronrs.
967 380 1019 449 ω’

155 510 230 571 Sunt
241 508 385 572 Dominus
395 510 517 574 mundi:
535 510 624 590 gladii
635 513 851 579 estrnihieessa
862 524 991 597 potestas

194 612 295 693 Atque
308 615 383 678 meis
397 615 512 695 regitur
525 616 643 696 legibus
657 617 754 682 omnis
767 622 868 685 humo.

73 776 75 781 .
152 718 276 781 Parcere
291 720 443 800 subiectis,
460 728 565 798 gentes
577 723 694 786 frenare
706 725 849 803 superbas

191 817 265 882 Sum
285 820 400 902 solitus,
417 823 514 900 Reges
529 828 619 901 atque
633 829 719 888 tuare
733 827 838 887 malos.

150 926 214 988 Nun
229 943 347 1005 pussern
360 927 451 990 Vobis
469 934 568 990 tantas
583 927 707 992 recitare
722 944 874 992 merassas
890 979 897 1009 ,

189 1029 321 1102 Quantas
335 1047 404 1093 curn
418 1028 495 1093 furii
509 1030 627 1095 babilha
641 1030 744 1110 lingua
759 1032 863 1095 refert.

149 1134 235 1197 Nunc
248 1151 302 1214 pru
322 1133 439 1197 veraihu
452 1136 482 1197 le
501 1134 629 1197 mundus
643 1140 799 1212 uregneret
813 1135 913 1216 ipsum
927 1187 934 1216 ,

188 1237 289 1317 Atque
304 1240 457 1301 benetatas
477 1237 605 1316 quisque
619 1236 728 1316 giraret
742 1236 788 1315 ei;

148 1340 188 1403 ut
202 1339 260 1404 sihi
272 1348 440 1421 prestarent
454 1341 490 1403 de
504 1339 566 1404 toti
581 1348 666 1420 parte
684 1357 836 1404 secorsunr
850 1390 859 1420 ‚,

187 1444 279 1505 Sensa
294 1441 423 1505 denariis
438 1443 508 1506 cirm
523 1462 575 1506 sua
590 1446 681 1507 bursa
699 1444 786 1506 iuret.

147 1545 190 1609 De
203 1545 296 1609 labris
311 1544 422 1623 grossis
436 1545 569 1608 muitum
582 1546 704 1624 J‘asandu
718 1547 861 1609 hrarahat
878 1596 884 1624 ‚

186 1647 274 1710 Forte
289 1649 436 1729 superbus
455 1655 530 1728 erat,
546 1648 658 1726 granda
672 1650 801 1726 gravella
816 1647 874 1711 iuit
891 1671 897 1710 :

145 1749 201 1810 Est
216 1756 345 1812 autenus
358 1751 458 1831 horno,
479 1749 648 1832 desprisans
662 1757 752 1830 atque
762 1751 873 1829 tierus3

182 1851 248 1914 Nun
268 1851 341 1915 alius
354 1852 457 1930 guiere
471 1857 536 1917 vult
550 1863 689 1935 reputare
702 1851 792 1917 uiros.

143 1952 244 2031 Usque
258 1954 294 2017 ad
309 1952 494 2016 Parrhisiurn
508 1971 540 2018 se
554 1955 744 2019 demarrhare
757 1954 874 2017 volebat
884 2001 901 2037 ,-

178 2056 217 2119 Et
232 2064 326 2121 tutam
340 2058 486 2136 Fransarq
500 2059 626 2122 rendere
645 2064 747 2138 presto
762 2075 859 2121 suam.

141 2161 185 2224 De
203 2162 283 2224 Leua
302 2161 462 2224 Anthonus
477 2163 635 2243 iuriantus,
652 2161 757 2224 mortis
771 2160 870 2241 imago
882 2209 899 2247 ,Ι
997 2212 1005 2219 ,

177 2263 305 2326 Credere
319 2281 372 2343 per
387 2270 497 2326 testam
517 2263 560 2327 sie
573 2264 699 2328 faciebat
713 2263 751 2326 ei.

138 2366 187 2429 Ad
201 2383 248 2429 ses
262 2365 446 2430 Gandarmus
460 2368 595 2450 baylarat
609 2369 732 2446 jamque
746 2366 888 2431 butinum

177 2476 220 2536 De
234 2472 296 2537 toti
310 2474 432 2555 Fransat,
447 2473 659 2554 relliquiasque
673 2475 736 2539 Dei.

136 2582 219 2644 Haut
235 2576 384 2659 quantum
398 2579 515 2655 raubet,
530 2580 606 2643 bene
620 2578 676 2642 seit
689 2579 843 2643 Provincia
860 2586 961 2642 nostra
980 2600 993 2664 :j

174 2683 259 2744 lllarn
273 2680 433 2762 destruxit,
450 2680 634 2760 saquegiavit
648 2697 725 2743 eam.

134 2784 319 2851 Deliberatus
333 2791 396 2850 erat
409 2792 540 2849 vestram
554 2786 680 2847 raubare
694 2799 834 2846 eoronam
846 2805 853 2861 3

171 2887 211 2949 Et
225 2905 315 2967 supra
334 2892 444 2949 testam
457 2900 568 2963 ponere
582 2882 688 2946 deinde
702 2900 799 2946 suam.

131 2988 376 3058 Uitraaudansarn
395 2988 516 3052 suidatis
534 2988 609 3052 dixit
622 2997 653 3053 et
666 3006 758 3053 unam
771 3039 778 3070 ‚

169 3098 266 3171 Quam
286 3093 374 3159 modu
393 3110 446 3174 per
460 3100 568 3157 tastaru
583 3091 711 3172 quisque
727 3099 827 3155 notate
842 3107 939 3155 suam.

130 3199 291 3263 Avansavit
304 3197 347 3261 eis
361 3197 398 3260 de
411 3214 492 3276 veru,
509 3196 588 3275 quutl
603 3194 666 3257 sine
680 3193 784 3272 sautia,

169 3301 250 3362 Intra
265 3315 360 3364 unum
376 3314 521 3376 mensem,
538 3297 584 3359 rel
599 3293 700 3358 minirs
714 3302 785 3373 ante
798 3295 873 3356 duos
884 3343 901 3380 ,¹
945 3307 947 3310 ’

999 569 1006 600 7
