2394 4148
409 381 564 436 crrourour
586 381 790 427 rurrrmoms.
986 367 1025 427 73

173 490 251 552 Cum
263 487 439 552 tamhorinis
457 494 486 552 et
501 488 577 552 fillis
590 489 667 551 torte
685 488 804 568 locavit,

216 595 259 658 De
273 591 378 658 frueha
392 594 465 657 dura
479 593 646 674 lestep'avit
658 610 728 657 eum
743 617 749 656 :

174 699 399 763 Borbamdando
417 699 514 780 illum,
535 697 686 762 mandavit
700 706 799 781 presto
814 703 937 782 salutes,

213 806 293 870 llille
312 814 472 870 eanonatas
490 805 553 887 ipsa
575 804 674 869 liravit
693 804 731 868 ei.

171 911 309 974 Fulmina
324 909 450 974 dixisses
469 927 538 990 quae
551 908 688 990 Juppiler
701 909 751 974 ille
766 910 889 991 gitabat,

218 1017 274 1090 Qui
287 1024 372 1081 renat
390 1016 420 1079 in
434 1016 529 1092 ooelis,
552 1016 671 1095 quando
683 1023 803 1080 tronare
820 1016 902 1081 facit.

179 1121 345 1185 Basalisous
358 1129 421 1186 erat
435 1138 556 1200 grossos
575 1120 744 1183 mandando
754 1122 881 1204 boletos,

209 1227 401 1304 Largualrant
423 1223 514 1288 etiam
529 1226 739 1304 passavolanta
755 1231 868 1305 petras.

171 1333 286 1411 Duplos
301 1330 445 1409 audisses,
468 1329 652 1410 simplosque
664 1328 755 1393 lirare
768 1347 909 1412 canones,

208 1438 247 1500 El
267 1451 477 1514 megensanos,
492 1435 721 1512 laueonelosque
743 1436 848 1515 bonos,

170 1538 407 1617 Esmerilhones,
428 1537 592 1616 bastardas,
617 1545 648 1601 et
668 1537 852 1618 colubrinas3

213 1641 401 1704 Areabutant
422 1657 538 1723 omues,
555 1643 751 1723 eseopetando
766 1643 867 1706 simul.

172 1745 219 1807 Ad
236 1761 327 1825 prope
342 1744 379 1807 de
399 1742 498 1807 Barris
512 1762 572 1807 non
587 1745 676 1808 audet
695 1764 805 1826 ponere
819 1762 937 1818 nasum;

217 1851 282 1913 Non
299 1847 357 1912 sibi
371 1866 493 1913 securus
512 1857 586 1914 tuno
599 1852 682 1914 loeus
698 1853 780 1914 ullus
794 1859 867 1914 erat.

171 1955 208 2016 El
223 1954 285 2016 loro
306 1954 342 2017 de
360 1961 449 2035 portu
465 1960 619 2017 sorterunt
638 1953 708 2019 inde
725 1956 854 2033 galerae;

212 2057 334 2136 Plaggia
345 2058 522 2139 d'Arenquo
543 2057 764 2138 perremigabat
781 2075 841 2121 eas.

176 2162 232 2224 Per
246 2176 329 2222 mare
347 2159 480 2237 garnitas
498 2159 616 2222 forsatis
633 2161 745 2224 Fransa
759 2164 873 2241 galerus

216 2263 341 2341 Semper
359 2263 452 2324 lrabet
470 2264 585 2342 plures,
601 2279 669 2340 quae
683 2264 760 2326 bona
772 2266 866 2327 multa
878 2266 990 2328 lerunt.

176 2367 244 2446 lpse
261 2367 439 2429 Senesoalus
454 2364 491 2429 de
509 2382 601 2448 payso
620 2365 742 2444 saggius
756 2368 872 2448 omnis',

217 2469 352 2532 Glaudus
366 2469 402 2533 de
414 2468 513 2532 'lenda
533 2469 657 2549 contus,
673 2470 710 2532 ad
724 2486 805 2534 arma
817 2479 922 2552 polens
937 2522 943 2551 ‚

176 2576 281 2641 Presto
301 2595 370 2640 suas
384 2575 453 2641 feeit
466 2578 526 2641 fort
546 2577 741 2642 bombardare
754 2578 869 2656 galeras
883 2597 890 2654 ;

218 2682 458 2761 lmperelatorem
472 2682 549 2744 torte
562 2681 673 2744 frotare
690 2679 772 2743 fac-it.

178 2787 305 2849 Sanetus
318 2785 501 2849 Blanoardus
515 2785 643 2866 pulsavit
656 2791 783 2861 tumque
801 2783 954 2860 Baronus,

219 2889 329 2952 Contra
343 2888 531 2969 l’lmperium
546 2894 608 2950 tota
627 2889 727 2965 galera
747 2885 827 2948 lirat.

179 2993 222 3055 De
241 2991 336 3055 Garda
353 2991 479 3055 Domina
491 2989 652 3054 fortissima
665 2999 767 3053 nostra
780 2992 866 3055 beata

219 3093 379 3157 Massiliam
393 3095 508 3174 gamat,
525 3101 552 3163 el
569 3096 645 3158 hene
657 3095 750 3156 salvat
762 3110 847 3172 eam;

178 3199 289 3261 Omnes
301 3200 441 3282 ablaygat
453 3217 506 3280 per
519 3205 625 3278 terras,
646 3204 738 3276 atque
751 3197 912 3278 profundat

218 3303 274 3364 Por
294 3318 386 3381 mare,
409 3300 462 3380 qui
483 3300 607 3364 leniunt
623 3284 825 3381 pro'fariendo
840 3303 966 3364 malum,

841 3410 875 3466 lu
