2394 4148
196 356 234 413 50
458 372 579 417 uerene
600 370 779 417 summersi

195 483 237 545 lle
251 482 410 547 lirnassono
424 500 483 547 nen
496 490 581 546 curat
593 484 739 565 prendere
752 484 886 550 lemnam
901 508 912 549 τ

235 588 367 653 lirriscat
379 590 513 669 gemine,
530 605 638 667 corpus
652 593 682 651 et
691 602 780 651 omne
800 605 908 653 suum.

195 696 295 774 litque
307 694 391 758 bonis
404 692 515 757 frondis
529 694 686 756 cordarum
696 710 766 756 saxa
781 691 946 775 gitabant;

235 797 364 861 Vidisses
379 804 477 878 petras
487 802 577 875 elque
592 795 682 859 lirare
696 811 818 858 manus.

194 899 338 980 Espasam
356 901 440 963 ualde
463 902 633 982 ropllrosam
645 897 773 978 qumque
786 900 916 979 ferebat,

233 1001 306 1074 Qum
321 1019 476 1080 nonquam
490 1003 582 1065 solem
599 1001 709 1066 rideret
732 1019 830 1082 usque
854 1004 963 1069 modo.

195 1106 405 1169 Arrabulando
417 1107 493 1169 benc
504 1104 649 1169 iaciebant
665 1122 743 1186 saepe
754 1105 925 1186 bugadam3

232 1207 352 1271 Rustica
367 1207 523 1288 progenies
537 1225 618 1272 arma
634 1210 735 1287 legare
746 1207 836 1272 iecit:

190 1311 1057 1398 Armaquecumdesunt,pugnis,pedibusquobisognant;

231 1414 270 1478 Sc
281 1413 492 1495 clrarpinando,
508 1433 587 1495 saepe
601 1414 773 1496 triumphus
792 1426 868 1480 erat.

190 1519 425 1583 Salarncllabant
440 1536 492 1599 per
502 1525 621 1597 testam,
638 1518 700 1582 sire
711 1518 845 1600 capillos,

232 1624 271 1686 Et
283 1624 506 1687 soto-barbatas
520 1623 596 1685 torte
609 1621 752 1701 irepando
765 1622 887 1686 dabant.

193 1726 296 1790 llicere
310 1728 450 1790 nolebant
464 1724 616 1806 spagnoti,
627 1722 751 1787 Francia
766 1723 861 1802 vivat,

232 1828 289 1892 Sed
302 1829 378 1893 bene
392 1847 540 1912 paysanus
555 1827 650 1892 dicere
666 1826 734 1891 lecit
747 1825 801 1889 eis.

193 1934 263 1996 Fert
273 1951 304 1998 se
314 1932 506 2012 arriscebant,
522 1932 648 1996 nolendo
662 1947 803 2009 oregnano
816 1936 948 1995 mortem
965 1956 975 1995 :

231 2038 286 2100 Est
296 2039 384 2100 lromo
398 2054 451 2117 per
472 2054 605 2115 guerras,
621 2034 849 2115 alasquetimore
859 2036 973 2100 bonus.

192 2137 419 2201 Aienturabant
431 2155 572 2219 personas
587 2155 672 2201 sensa
686 2136 826 2217 cauallris,

232 2243 275 2304 lle
287 2240 414 2323 propriis
428 2241 546 2321 gambis
567 2258 688 2306 currere
702 2257 810 2321 nempe
830 2242 949 2303 uolunt.
1019 2292 1024 2299 .

192 2343 273 2407 Fecit
285 2344 440 2409 soadronos
459 2344 612 2411 Provincia
626 2344 709 2407 mille
723 2347 867 2424 ualentes,

232 2449 271 2512 Et
286 2447 495 2511 circum-circa
510 2464 633 2528 campus
647 2449 845 2511 hahebateos.

194 2553 251 2617 Per
274 2552 402 2632 grandes
414 2559 535 2632 troppas
551 2570 582 2615 so
595 2570 825 2634 accompagnare
836 2553 992 2635 solebant;

234 2656 425 2720 sexcentum
443 2653 587 2736 peditum,
599 2655 741 2733 milleque
754 2663 859 2736 troppa
876 2652 954 2735 luit3

194 2757 232 2821 So
256 2760 333 2822 bene
358 2759 524 2838 sermondo,
538 2776 608 2823 cum
622 2767 742 2839 tompus
757 2760 900 2840 postulat,
919 2766 1053 2845 autres,

235 2863 346 2926 Omnes
361 2861 527 2940 corregium
549 2878 665 2941 semper
677 2861 812 2925 habendo
832 2862 957 2923 bonum.

191 2964 334 3027 iurabant
350 2981 465 3047 omncs,
490 2984 675 3048 compagnon
688 2982 775 3029 nemo
799 2965 971 3043 relinquet:

233 3069 290 3131 Per
304 3066 397 3130 socios
410 3068 496 3133 sociis
513 3078 558 3134 est
568 3072 635 3136 dala
650 3092 679 3136 sa
685 3080 752 3138 ncta
766 3074 851 3137 fidos.

191 3172 277 3235 ibent
296 3188 347 3252 per
359 3181 487 3254 morales,
504 3193 556 3257 per
576 3176 691 3256 boscos,
706 3176 767 3241 siue
787 3180 896 3243 celatos
925 3200 931 3238 :

233 3278 397 3342 Vellrabant
412 3280 491 3344 oculi
503 3290 588 3345 nocte
605 3280 710 3361 dieque
735 3282 804 3345 sui:
