2394 4148
177 357 234 417 ⁴26
514 375 552 419 ua
574 375 685 421 vnnura

176 480 360 561 Despaehare
373 480 441 544 iacit
455 498 610 562 processus
622 483 749 562 pondere
759 484 840 562 iusto
853 505 860 563 ;

215 583 326 648 Omnes
341 592 504 668 conternat,
520 585 572 667 qui
585 587 661 649 bona
672 586 738 664 jnra
753 586 865 652 fovent.

176 685 233 761 Qui
246 689 383 751 broihare
396 690 511 769 volunt,
527 696 620 754 tortas
634 690 784 769 sequendo
798 698 948 767 traversas
962 744 970 776 ‚

212 792 382 876 Amaynare
394 793 474 876 facit,
488 796 556 874 jnre
570 796 737 878 redreyssat
751 813 811 859 eos.

174 897 336 963 Abbrcriat
350 917 465 980 causas,
480 899 594 964 estiilos
607 900 704 964 dando
718 903 867 981 norelios;

213 1002 247 1063 ln
262 1017 365 1080 campo
379 1003 480 1081 plures
494 1001 612 1082 decidit,
628 1010 719 1082 atque
730 1021 847 1082 graves.

175 1106 342 1190 Piayderias
355 1105 439 1169 audit
453 1113 578 1187 attente,
598 1116 726 1188 postque
739 1111 879 1193 resolvit,

213 1210 320 1278 Omnia
334 1211 559 1292 comprendens,
576 1212 706 1276 decretat
721 1223 812 1295 atque
822 1217 891 1282 cito.

172 1313 336 1397 dopointat
348 1321 438 1396 recte,
451 1314 587 1394 quamris
601 1333 649 1380 res
663 1316 702 1380 sit
716 1328 805 1400 caput
816 1323 940 1405 hydrae,

209 1418 248 1481 Et
261 1424 347 1499 copat
360 1427 507 1483 arrestum
521 1420 579 1481 tort
590 1420 678 1500 bene,
696 1424 822 1501 plusque
837 1425 927 1500 bene,

171 1528 256 1591 iuste
269 1534 370 1608 presto
383 1524 460 1606 sapit
474 1533 504 1589 et
518 1526 715 1591 condemnare
728 1525 856 1593 ribaldos
871 1554 877 1594 :

79 1668 88 1683 ·
212 1632 282 1694 ilios
296 1630 446 1707 emendat,
461 1629 508 1693 rel
523 1628 633 1691 foetare
642 1629 738 1717 jubet.

170 1734 210 1797 dt
225 1735 297 1798 dum
311 1732 434 1817 paysani
447 1749 500 1813 per
513 1730 627 1796 criddas
642 1733 780 1798 creddere
791 1737 918 1818 nolunt,

210 1837 267 1900 Sed
281 1853 334 1916 per
351 1839 396 1900 les
409 1835 494 1899 villas
511 1852 592 1900 arma
611 1842 734 1900 cruenta
752 1837 874 1919 ierunt,

167 1941 327 2021 Estrepare
340 1939 410 2005 iacit
423 1942 498 2005 tates
512 1948 585 2004 tune
598 1939 685 2004 Curia
699 1947 817 2022 prest03

206 2043 363 2107 Estirando
376 2042 454 2125 iilos,
469 2043 586 2108 brachia
601 2049 662 2106 tota
677 2051 790 2123 petant.

168 2149 224 2211 Per
239 2147 338 2210 turcas
352 2146 470 2210 timidas
488 2146 589 2227 plures
604 2162 672 2208 sens
686 2145 790 2210 ordine
803 2147 942 2212 hranlant
956 2172 962 2211 :

208 2253 269 2316 Hos
284 2258 391 2314 tentus
403 2251 498 2315 nudos
512 2252 570 2314 ben
585 2249 710 2316 rireiare
723 2252 804 2316 iacit.

166 2359 236 2428 ilios
251 2356 298 2419 rel
311 2356 433 2419 mandat
447 2373 586 2439 maygras
600 2373 729 2434 roggare
743 2355 861 2420 Gaianas
874 2380 880 2437 ;

208 2464 280 2526 Post
293 2462 463 2524 bastonatas
478 2467 564 2523 nocte
577 2458 684 2539 dieque
698 2467 818 2542 incant,

167 2568 207 2632 Et
221 2570 339 2650 plorant
352 2562 456 2644 oeulis,
472 2563 557 2626 valde
570 2565 725 2627 clamando
739 2587 746 2626 :
763 2578 922 2647 parentes,

207 2670 416 2736 Auxiliatriees
430 2666 545 2752 porgite
559 2673 657 2750 presto
671 2683 791 2733 manus.

118 2772 123 2781 '
167 2777 200 2840 in
216 2776 335 2858 prisone
348 2777 425 2839 mala
439 2790 499 2837 non
513 2773 674 2836 chaumont
685 2778 820 2853 tempora
834 2773 944 2852 longo,

207 2879 268 2944 Nec
281 2893 388 2959 panem
400 2873 490 2955 Regis
503 2878 572 2956 plns
586 2876 733 2958 rohygare
747 2876 855 2939 solent.

168 2984 247 3048 Gens
261 2983 382 3046 adversa
395 2981 457 3045 Deo
471 2982 640 3044 truculenta
654 2985 750 3042 morte
763 2977 922 3058 peribunt:

208 3084 263 3149 ilic
274 3086 351 3149 male
365 3083 418 3164 qui
431 3082 513 3164 ririt,
530 3080 571 3146 sic
586 3085 661 3146 solet
675 3087 765 3160 atque
778 3077 865 3143 rnori.

167 3189 232 3252 Rex
251 3189 327 3252 bone
339 3187 478 3270 providit,
493 3204 575 3251 nune
590 3187 656 3250 haec
674 3186 822 3248 Prorensa
837 3179 1019 3262 triumphat*

207 3290 264 3365 Qui
278 3294 367 3355 talem
380 3299 494 3372 patrem
508 3308 561 3372 pro
576 3289 753 3355 dominando
768 3285 857 3352 dedit.
