2394 4148
179 329 217 388 78
443 343 562 388 alarona
584 344 761 389 nnrnnrrusa
803 357 807 364 ·

178 455 222 516 ale
237 457 370 514 remanet
386 450 518 533 timidus,
537 451 671 533 pauidus,
688 459 831 532 totusque
844 456 1023 519 tremolans
1037 507 1061 538 ,.

217 559 256 621 Et
270 559 306 622 de
320 559 441 623 consilio
456 560 671 641 desprorisitus
686 561 786 621 homo.

178 663 266 725 lllum
282 663 404 727 uidisses
419 668 534 745 lapsum
549 665 585 727 de
600 663 719 727 cardine
735 659 864 737 mentis;

218 768 386 850 ltiseipulus
400 771 519 850 clamat,
535 770 652 849 quando
667 767 809 846 magister
823 766 897 831 abit.

177 874 201 936 0
216 876 293 936 mala
308 891 388 937 mors
401 878 406 937 l
424 892 514 954 qnare
529 872 649 937 uoluisti
662 873 808 954 prendere
821 871 964 937 levam?

215 977 523 1058 Estrauglastisenm,
540 978 592 1042 sed
606 977 719 1041 ratione
733 992 825 1040 cares.

177 1081 312 1160 Improba
328 1097 408 1143 mors
421 1084 426 1143 l
443 1081 578 1145 homines
593 1099 674 1145 nune
687 1087 809 1144 eentum
825 1078 909 1143 mille
923 1080 1034 1164 tuasli,

216 1186 398 1263 Quandoque
413 1203 466 1264 pro
478 1184 594 1263 guerris
609 1185 678 1264 plus
690 1182 764 1246 mihi
775 1183 851 1246 Lena
867 1186 960 1249 valet.

175 1290 338 1355 Consilium
354 1297 451 1354 totum
464 1289 578 1372 cepisti,
595 1306 675 1354 mors
687 1291 776 1369 mala,
797 1295 956 1369 nostrum;

214 1397 300 1460 Nune
314 1413 378 1460 mea
393 1395 452 1459 vita
467 1394 555 1476 fugit,
572 1412 652 1459 nune
665 1411 729 1458 mea
745 1393 803 1458 rita
815 1392 904 1475 perit.

174 1500 238 1562 Non
253 1517 371 1582 possem
386 1498 513 1563 similem
527 1506 625 1563 totum
639 1499 777 1562 trobbare
790 1515 844 1578 per
861 1499 965 1562 orbem
979 1548 987 1580 ,

213 1602 363 1668 Praetieus
381 1604 410 1668 in
427 1603 554 1684 guerris,
570 1611 660 1684 atque
674 1603 815 1683 magister
829 1611 904 1669 erat.

170 1708 245 1769 Sum
259 1708 429 1772 destructus
443 1727 509 1789 ego,
528 1724 694 1793 numquam
709 1706 828 1770 victoria
843 1723 963 1772 meeum

211 1811 283 1874 Plus
295 1811 352 1875 erit
364 1811 394 1875 in
407 1816 530 1894 mundo,
547 1830 614 1894 spes
629 1829 695 1876 mea
709 1819 771 1875 tota
787 1810 873 1892 perit.

171 1916 227 1989 Qui
241 1917 315 1980 milri
332 1919 368 1982 de
385 1918 488 1998 lingua
503 1935 625 1997 guerras
640 1925 822 1996 gagnaverat
836 1932 962 2000 omnes,
1055 1991 1057 1995 y

212 2021 250 2083 Et
262 2023 338 2085 bene
352 2023 429 2085 lidus
444 2029 518 2103 erat,
532 2039 613 2085 mors
628 2022 715 2084 modo
729 2019 848 2101 prendit
861 2036 943 2084 enm.

171 2123 295 2186 Corruet
308 2124 468 2206 imperium
482 2125 592 2205 subito,
613 2123 644 2187 ni
658 2126 735 2188 Lena
751 2128 888 2201 resurgat
901 2143 908 2200 3

209 2226 413 2290 Fundamenta
429 2228 527 2307 dedit,
544 2227 783 2309 principiumque
798 2228 923 2290 honum.

170 2333 194 2395 Ο
209 2331 322 2395 Antoni
336 2334 424 2414 Leia,
440 2333 482 2397 mi
498 2336 599 2417 irater,
616 2333 712 2398 dulcis
727 2331 840 2397 amieel

209 2437 254 2500 Tu
270 2437 326 2498 nisi
341 2456 422 2501 nune
437 2447 555 2521 tornes,
571 2459 620 2504 me
635 2443 717 2505 dolor
731 2440 791 2504 iste
803 2447 901 2506 necat.

169 2544 237 2623 lpse
251 2549 310 2606 tuae
322 2541 427 2606 mortis
443 2561 510 2607 sum
525 2553 604 2609 certe
619 2564 706 2610 carisa
719 2547 874 2629 misellus,

209 2647 350 2727 Perpetui
362 2646 456 2711 nostri
469 2666 555 2712 eausa
568 2649 677 2713 doloris
692 2650 762 2714 eris.

170 2751 271 2815 Dulcis
285 2753 389 2833 amice,
406 2752 460 2817 tibi
474 2752 602 2817 crudelia
621 2756 679 2819 lata
696 2757 838 2837 luerunt,

208 2856 248 2917 Et
262 2874 315 2935 pro
330 2866 360 2920 te
374 2856 482 2920 misero
502 2857 625 2924 numina
641 2864 723 2925 nulla
738 2865 836 2926 ualent
853 2886 858 2925 :

168 2962 226 3025 Sed
239 2981 307 3042 quae
318 2971 348 3027 te
361 2962 505 3029 miserum
521 2984 600 3032 mors
615 2977 677 3031 tam
691 2971 829 3050 palliarda
845 2969 959 3050 tuerit,

208 3069 254 3133 llle
268 3088 387 3150 quoque
401 3090 482 3137 nunc
497 3074 640 3156 perimat,
658 3092 706 3140 me
721 3075 858 3141 sociando
873 3076 939 3140 tibi.

166 3174 244 3236 Proh
261 3174 378 3256 superi!
395 3181 514 3256 qualem
527 3178 659 3258 iussistis
675 3187 771 3242 morte
786 3179 902 3243 necarit

208 3279 274 3341 Flos
289 3278 445 3344 hominurn
461 3280 566 3346 mundi
582 3282 659 3345 Leia
676 3284 811 3346 rolentus
826 3288 900 3345 erat.
