2394 4148
120 382 124 387 -
168 349 207 406 36
431 358 551 402 uacuas
580 356 760 403 uuuauumsa

168 473 210 536 De
226 474 376 553 lassatassu
390 491 443 535 seu
457 472 551 536 mavis
564 470 661 536 dicere
673 471 797 554 suham
811 518 818 548 ‚

210 580 291 643 Crux
304 578 360 642 sihi
375 597 426 659 per
439 578 569 643 medium
594 576 695 657 roggia
709 577 785 639 facta
804 587 924 642 mauce.

169 682 265 746 Omne
287 679 584 761 parellavitprotunc
598 680 764 758 guermudo
786 696 932 763 neccsse,

209 786 266 849 Per
280 802 418 865 campum
432 792 535 865 pausat
558 781 662 847 ordine
680 799 809 862 quaeque
821 802 890 848 suo.

170 887 1036 974 PostcontraGuassam,quamgeusabbandunatomueua,

208 993 405 1055 Demarchant
426 990 551 1072 pedites,
564 996 684 1070 totaque
698 990 794 1054 banda
808 990 903 1055 veuit.

168 1095 276 1158 Contra
290 1092 460 1172 Briguolam
471 1101 598 1157 currunt
620 1095 730 1158 donare
748 1093 925 1175 saquadam,

208 1197 248 1260 Ec
260 1195 324 1260 siue
348 1197 468 1260 defensa
487 1205 587 1279 presto
607 1198 720 1279 pilhata
732 1196 813 1260 fuit:

168 1303 253 1365 Illam
280 1299 474 1382 peuchinaut,
500 1317 659 1384 maysones
678 1298 736 1364 rite
753 1300 898 1378 robaud03

209 1402 257 1467 Nil
273 1404 421 1491 mauatad
444 1406 604 1485 populum,
620 1421 734 1485 pauper
747 1402 860 1483 ubique
879 1404 970 1483 iacet.

171 1508 283 1571 Versus
302 1507 405 1588 Aquas
431 1506 525 1572 voluit
550 1513 619 1588 post
643 1507 833 1571 demarchare
845 1503 1029 1588 caminum,

208 1610 299 1674 Sauct
328 1607 572 1693 Mayssaminum‚
598 1605 929 1688 Massuuiamqucpaia.

168 1712 207 1775 Et
221 1712 436 1777 Maudalleuam
464 1718 599 1777 sauciam
621 1713 748 1776 raubare
762 1711 891 1790 volcbal,

208 1817 281 1891 Quae
294 1817 351 1882 fuit
362 1818 393 1881 iu
406 1819 518 1881 mundo
541 1815 636 1880 dulcis
650 1813 745 1879 amica
760 1813 825 1878 Dei.

169 1919 250 1982 luter
274 1920 457 2000 Briguolam,
473 1919 588 2003 Gayleti
604 1925 670 2001 post
682 1933 802 1998 quoque
817 1923 975 1995 castrum,

208 2024 241 2085 ln
262 2023 391 2101 quodam
410 2022 498 2101 planu
519 2023 614 2084 banda
637 2022 859 2101 replantatees.

167 2124 290 2190 Francia
314 2133 389 2188 tunc
406 2122 451 2205 illi
474 2126 620 2189 chaudam
648 2123 767 2188 donavit
787 2126 956 2203 alarmam,

208 2223 399 2306 Charpiuavit
414 2243 476 2308 eos,
492 2246 558 2292 ossa
577 2226 698 2293 scotavit
719 2225 773 2290 eis.

169 2330 379 2394 Escaramussa
402 2331 458 2395 fuit
480 2350 532 2413 per
550 2338 668 2396 nostros
682 2331 759 2394 sacta
782 2331 925 2409 valenter,

209 2433 275 2497 Nou
299 2437 502 2515 expargnabat
525 2436 621 2501 banda
635 2436 751 2514 frepare
773 2435 861 2498 bene.

170 2538 406 2620 Moutegehauus
420 2545 495 2618 erat,
520 2538 640 2602 d’armis
654 2539 788 2603 ducendo
798 2541 925 2604 cavallos

211 2645 341 2710 Centum
361 2650 557 2729 poyssautos‚
580 2642 707 2726 Boysius
725 2650 818 2723 atque
834 2642 914 2723 fuit3

173 2752 356 2818 sexcentum
371 2745 484 2827 pedites
496 2746 524 2808 le
533 2746 647 2809 bornus
660 2743 758 2808 Vertis
772 2745 917 2824 habebat,

212 2855 252 2918 Et
266 2834 371 2930 Bevus,
387 2849 577 2932 aequaeua,
594 2867 626 2914 se
638 2847 773 2913 sociando
792 2847 893 2912 simul.

172 2955 212 3019 La
228 2955 303 3019 Mola
333 2951 506 3032 carragium
519 2953 641 3016 tresbou
667 2952 828 3016 torchaudo
842 2952 981 3030 tenebat,

213 3062 270 3124 Pro
293 3056 412 3136 guerris
433 3057 517 3122 valde
526 3059 586 3122 hou
602 3055 757 3138 capitanus
771 3056 838 3120 erit.

172 3164 242 3228 Post
251 3160 443 3224 ianbuscastas
456 3158 525 3224 fecit
543 3160 580 3223 dc
594 3165 680 3223 nocte
694 3159 863 3239 Ferendus⁷

213 3262 516 3327 CircumdausGallos
538 3263 769 3328 mauebatalhat
793 3280 858 3325 eus.
