2394 4148
423 381 580 435 crroerour
605 383 810 430 ruremroers.
1002 369 1040 431 27

188 489 247 552 Nos
264 488 454 568 demessuit,
470 506 578 572 paysos
592 496 711 554 nostros
725 498 807 556 tenet
825 507 949 571 omnes3·

227 591 275 654 Nil
294 599 402 672 praeter
415 592 532 655 Nissam
551 610 659 675 nempe
672 594 798 659 maritus
812 597 913 660 habet.
1025 625 1041 655 ι

186 692 338 758 iustitiam
356 693 438 758 robis
456 712 538 760 nune
558 715 611 778 pro
630 696 743 761 ratione
759 699 897 778 requiro:

226 796 283 860 Fae
297 796 371 860 mihi
382 797 540 880 justitiam,
558 810 588 865 te
604 817 686 880 rogo,
707 807 807 881 presto
821 803 941 865 bonam.

185 902 340 967 Armatam
353 911 447 968 totam
460 921 514 985 pro
526 904 654 969 testibus
672 911 762 984 atque
777 907 904 970 reclamo
919 929 925 968 :

225 1006 406 1086 Auseutate,
419 1025 539 1088 preeor,
561 1009 649 1072 rerba
665 1009 792 1072 notanda
808 1010 924 1087 loquor.

186 1109 387 1174 Instrumenta
401 1118 486 1191 peto,·
497 1119 680 1192 cunctosque
693 1112 825 1190 rogando
839 1112 989 1196 Notarosp

224 1216 268 1280 Sit
286 1214 541 1298 mododeso'ripta'
553 1216 610 1282 rite
624 1219 745 1298 querela
761 1234 838 1282 mea.

184 1323 226 1386 De
237 1320 353 1385 damnis
367 1320 489 1395 nostris,
506 1340 541 1386 ao
554 1320 700 1385 interesse
715 1327 885 1401 protestor,

222 1427 265 1490 De
279 1443 328 1489 ma
342 1424 479 1507 pereuni,
494 1442 585 1505 quam
607 1423 746 1488 tribolare
760 1424 841 1487 iaort.

184 1530 248 1593 Non
264 1530 389 1592 dansare
401 1535 511 1608 potest,
526 1526 676 1591 modicum
695 1527 731 1591 de
746 1533 833 1603 noete
844 1534 983 1608 repausat
1000 1549 1017 1604 :5

223 1628 379 1695 Faeherias
396 1629 523 1708 grandes
537 1647 619 1694 nuno
631 1647 696 1693 mea
709 1637 785 1694 testa
799 1635 892 1693 tenet.

182 1735 267 1797 Illam
289 1734 354 1797 Rex
372 1731 459 1796 taeiet
477 1750 530 1813 per
550 1750 674 1811 guerras
687 1750 752 1797 esse
766 1731 913 1796 maladam
926 1779 942 1810 ‚,

220 1839 328 1904 Matrix
347 1845 377 1903 et
397 1845 501 1903 venter
517 1838 579 1918 J'am
597 1836 761 1902 munterte
779 1839 890 1902 dolente

181 1947 371 2027 imperelator
384 1944 412 2010 ei
431 1942 603 2024 respondit:
624 1942 725 2008 Dulcis
739 1942 832 2007 amica
846 1991 853 2022 ‚

220 2049 331 2127 Surge3
351 2050 565 2128 retegendas,
581 2055 682 2112 nostra
702 2049 815 2128 Serota,
834 2050 899 2111 leva
916 2070 933 2108 :-

178 2150 235 2213 Per
249 2150 398 2214 modicum
412 2158 532 2232 tempus
544 2151 747 2215 desoonsolata
765 2148 901 2214 manebis
912 2170 928 2227 3-

217 2257 259 2320 Te
272 2255 376 2320 saetam
390 2272 543 2336 magnam,
564 2255 830 2344 gaihaituehessa‚
855 2260 923 2318 tace
933 2277 947 2316 :-

177 2359 252 2422 Nam
261 2356 316 2422 tibi
322 2359 390 2438 jnro
397 2361 505 2440 Deum,
517 2365 647 2438 sanctos,
657 2374 761 2421 omnes
770 2373 890 2436 quoque
905 2360 1035 2432 sanetas,

216 2465 255 2528 ut
269 2462 295 2527 si
308 2480 361 2546 per
375 2463 499 2546 Gleysas
514 2462 638 2527 numina
653 2470 733 2528 certa
747 2463 868 2541 retent,
980 2487 983 2493 ⁴

175 2570 260 2644 Quod
272 2569 328 2635 tibi
341 2570 497 2635 restituam
511 2588 619 2654 paysos
632 2567 663 2632 in
677 2576 812 2650 tempore
825 2585 919 2647 pauco

214 2674 326 2740 Omnes
339 2691 407 2740 eum
428 2673 556 2754 guerris,
574 2681 604 2738 et
617 2672 739 2738 meliora
753 2672 840 2735 dabo.

174 2777 207 2838 ln
222 2759 338 2858 postam
356 2779 430 2842 vado
441 2794 522 2841 nune
535 2782 629 2840 totam
643 2775 787 2856 prendere
801 2773 945 2836 Fransam
963 2795 970 2834 :

213 2883 299 2946 Hane
314 2882 428 2963 capiam
442 2879 537 2960 taeild,
555 2880 617 2959 jam
634 2896 699 2944 mea
712 2885 773 2942 tota
789 2886 901 2942 manet.

170 2988 236 3050 iam
252 2985 373 3065 tugiunt
387 2994 491 3065 gentes
509 2991 642 3049 nostram
657 2984 824 3064 oreguendo
840 2990 999 3063 mentam,

210 3089 380 3152 Debardant
393 3103 513 3169 omnes,
534 3104 614 3151 nuno
632 3086 705 3151 mihi
719 3104 825 3166 guerra
843 3088 932 3150 taret.
951 3147 954 3152 .

169 3189 275 3254 Omnis
288 3192 378 3255 homo
396 3198 530 3255 nostram
543 3191 582 3255 de
590 3191 703 3254 mundo
717 3188 858 3271 pertimet
871 3190 1023 3266 umbram

210 3292 284 3354 Sum
298 3292 386 3356 Cesar
400 3288 531 3370 grandis,
547 3297 637 3370 atque
657 3293 793 3369 ualemus
808 3291 919 3373 nenos
