2394 4148
167 308 204 366 al
430 320 552 364 narona
573 320 750 365 asmrraasn

167 435 224 493 lsta
237 448 290 512 per
304 430 437 494 arclriros
452 438 569 494 nostros
588 430 766 493 trobbantnr
778 431 907 496 abunde
922 456 930 497 z

206 537 319 618 Scripta
335 545 457 599 manent
471 552 600 616 semper,
616 537 704 597 rerba
716 537 816 598 solare
829 538 948 602 solent.

167 641 197 703 Si
213 639 330 721 sapicns
344 647 435 718 essct,
451 656 510 700 non
525 645 587 700 lam
602 627 785 700 marchasset
798 649 948 706 arantem
961 665 971 721 ;

205 747 329 820 Quando
344 742 435 818 lenit,
449 759 566 823 semper
577 743 689 805 Fransa
701 745 836 822 repulsat
847 761 925 809 eum
938 768 947 826 ;

167 850 202 910 El
217 846 294 925 lngit
309 846 338 908 in
359 853 486 926 postam,
509 863 628 923 grossos
641 846 777 908 saltando
790 848 909 911 a'alatos
924 872 932 910 :

206 950 355 1012 Prenderc
370 967 428 1010 non
448 957 558 1029 posset,
576 951 662 1028 juro,
678 951 824 1014 renardus
837 969 924 1016 eum.

168 1054 232 1114 lam
247 1051 323 1114 benc
335 1051 503 1132 cognosc-it,
517 1051 608 1131 qu'am
620 1052 657 1115 sit
673 1055 821 1116 Prorensa
834 1055 956 1133 fidelis3

209 1158 387 1219 Provensalc
401 1173 496 1233 genus
509 1174 567 1218 non
583 1155 696 1219 rariarc
708 1156 794 1218 solet.

169 1261 277 1321 Contra
292 1277 346 1322 nos
360 1258 447 1322 faciet
460 1257 588 1321 nihilum
601 1278 653 1322 sna
668 1258 781 1337 maigra
795 1266 946 1341 potestas;

209 1362 263 1426 llic
279 1380 331 1442 per
345 1365 525 1426 Prorensam
540 1360 654 1424 cesaris
668 1379 750 1426 arma
764 1369 870 1427 ruunt.

173 1469 229 1531 Sod
244 1472 345 1529 tamen
360 1465 390 1527 in
409 1466 553 1528 Fransam
568 1466 686 1545 quando
700 1468 855 1531 marchare
868 1471 995 1535 volebat
1010 1524 1018 1554 ,

212 1572 251 1636 Et
267 1589 319 1653 per
333 1587 423 1650 quem
439 1586 565 1653 paysum
580 1570 737 1650 prenderet
751 1570 815 1651 ipse
828 1570 929 1651 riam,
988 1622 994 1639 .

172 1677 294 1742 Francia
308 1695 367 1740 non
383 1675 481 1757 potnit
495 1683 595 1756 presto
609 1692 786 1754 cognoscere
800 1675 937 1754 mignam
951 1702 958 1741 :

212 1783 269 1859 Qui
283 1791 433 1863 trompare
447 1783 568 1858 volunt,
585 1778 772 1843 dissimulare
787 1782 884 1845 solent
898 1803 904 1861 ;

176 1890 234 1953 Orc
249 1893 355 1950 sonant
370 1900 477 1962 unum,
499 1885 549 1946 sed
561 1890 663 1946 contra
679 1891 779 1947 mente
792 1894 953 1965 repensant
972 1911 978 1949 :

213 1990 298 2052 Nnnc
314 1995 395 2050 totus
414 1987 542 2067 populns
558 1983 612 2048 scit
624 1984 766 2049 fabricare
781 1988 905 2050 malum.

173 2094 277 2153 Postea
292 2090 421 2170 pensatio
436 2087 520 2152 nobis
535 2089 644 2151 donaro
656 2089 811 2167 sacadam,

212 2194 367 2257 Armatam
381 2194 526 2273 cumulat,
543 2200 572 2255 et
592 2189 650 2255 cilo
664 2192 799 2274 drayssat
812 2209 877 2255 eam
893 2216 899 2255 :

171 2300 210 2362 Et
225 2314 277 2378 per
292 2298 474 2360 Provensam
494 2295 588 2358 voluit
602 2296 755 2359 marchare
769 2301 940 2378 potentem,

215 2398 364 2461 Passando
380 2395 509 2475 Nissam‚
523 2414 578 2475 pro
589 2394 720 2459 revidere
731 2397 865 2459 Damam.

173 2505 280 2582 Magna
294 2499 351 2562 luit
365 2499 439 2562 ratio
451 2547 458 2578 ,
480 2517 512 2562 se
526 2499 720 2562 consultando
734 2517 787 2580 per
801 2516 924 2578 omnes;

213 2607 287 2670 Nam
307 2619 388 2667 mare
402 2616 471 2664 cum
485 2601 607 2680 barquis
622 2620 700 2683 saepe
714 2604 830 2680 iuvaret
843 2620 893 2666 eos
910 2626 916 2665 :

172 2714 209 2775 nt
226 2710 251 2773 si
266 2706 410 2790 perdisset
426 2704 517 2787 (neus
532 2706 571 2767 ho
585 2707 753 2787 volquesso)
770 2707 920 2770 hatalham
935 2755 943 2786 ,

212 2816 249 2878 Sc
264 2813 305 2875 sal
311 2826 377 2872 vare
390 2808 466 2871 bene
480 2825 532 2888 per
546 2824 628 2871 mare
642 2813 726 2871 tutus
739 2815 813 2872 erat.

172 2919 211 2981 Et
225 2921 327 2979 contra
341 2910 506 2991 Antipolim
521 2911 647 2993 primam
666 2911 785 2974 donavit
799 2913 960 2991 clarmam;

214 3021 301 3081 Forte
315 3015 503 3096 batalhando‚
521 3015 587 3078 villa
603 3017 734 3096 repulsat
748 3032 829 3079 eum.

173 3129 311 3191 limatas
326 3121 407 3186 misit
421 3121 523 3184 Dorias
543 3128 609 3201 post
628 3118 761 3199 qninqnc
774 3123 908 3200 galanas,

213 3228 258 3290 An
275 3232 392 3306 portum
409 3224 542 3303 veniunt,
556 3223 756 3303 escopetantlo
770 3222 868 3301 viros5
