2394 4148
181 313 219 370 hi
444 327 563 370 urium
586 326 771 373 mruurruss

181 436 346 495 vertutum
366 433 512 496 muudum
533 433 636 496 rictrix
650 435 805 501 Proreusa
825 443 1006 527 rabalhat‚

221 539 276 599 Per
290 554 383 609 ruure,
404 554 456 616 per
471 543 592 617 terram,
614 537 669 600 seit
684 556 845 606 reerocare
863 549 976 612 rohas.

183 642 238 703 hes
254 643 327 701 heus
346 640 382 701 <le
397 641 499 722 gleysu
514 639 664 718 grignotat
683 659 787 720 grassa
808 645 958 731 ribalda,

218 754 274 819 (0²
288 745 471 824 Pauperibus
486 745 596 808 Christi
616 754 698 826 porta
719 750 845 812 reclusa
875 765 1003 820 manet.

179 852 306 912 Barraha
326 852 402 911 htre
417 848 493 923 iuit;
511 848 553 911 sie
572 852 667 929 pariat
682 849 786 913 Passio
806 851 935 917 Christi
949 877 957 933 3

221 954 326 1015 Plures
345 953 529 1014 Burrahauos
542 969 650 1029 guerra
662 954 788 1016 truanda
805 965 933 1020 meuat.

178 1056 238 1117 liue
249 1071 408 1118 commuue
419 1057 542 1132 malrum
556 1063 659 1133 gentes
670 1073 775 1119 omues
787 1063 885 1125 modo
905 1069 1057 1134 rauhant:

218 1160 394 1232 &Nullus
414 1160 503 1221 hahet
518 1160 626 1221 rauhas
641 1178 732 1239 nune,
755 1161 815 1225 nisi
838 1171 957 1235 raubet
978 1191 1043 1236 eas.

182 1265 247 1343 ipse
267 1267 340 1327 riuus
359 1270 477 1325 tautum
500 1266 630 1327 latreues
650 1263 786 1327 Christus
806 1268 969 1353 habebat;

222 1367 280 1429 Sed
298 1365 384 1428 iuulie
403 1383 521 1443 guerrae
535 1365 617 1429 mille
631 1366 745 1430 remille
762 1375 893 1435 teuent:

176 1471 213 1532 Et
227 1471 356 1550 [repulus
370 1471 488 1546 elamat,
510 1470 628 1547 quando
643 1470 775 1548 tauragia
791 1474 895 1552 perdit
908 1497 915 1554 ;

218 1576 255 1637 Se
270 1572 355 1652 quasi
368 1574 515 1653 desperat,
538 1590 607 1634 rum
627 1592 683 1636 sua
696 1574 803 1637 damna
817 1576 913 1642 ridet.

178 1681 283 1744 Ponite
299 1678 444 1760 pelliciam
457 1679 515 1739 furt
531 1679 649 1757 fortem,
665 1678 867 1757 iusticiaudoz

217 1792 273 1857 (ff
289 1781 443 1846 Justiriam
454 1780 564 1843 iueieus
579 1780 623 1843 rir
638 1780 810 1845 benedictus
826 1783 897 1848 erit.

180 1893 236 1955 Sed
250 1897 351 1953 tumen
367 1889 403 1949 ad
417 1886 571 1950 Christum
586 1885 655 1950 iecit
668 1904 740 1965 grau
756 1887 1025 1968 displieimentum

214 1995 355 2055 Nostram
371 1992 554 2053 Proreusum
569 1988 767 2069 saquegiaudo
786 1993 875 2055 modo
891 2015 898 2054 :

174 2101 213 2160 Et
228 2098 284 2160 sibi
299 2096 451 2159 taminiam
466 2114 518 2176 per
534 2112 673 2176 campum
692 2095 772 2158 misit
787 2113 924 2163 amaram
938 2123 946 2180 ;

211 2205 305 2265 Nemo
319 2200 368 2262 rliu
384 2198 467 2275 sirit,
482 2201 634 2263 esuriente
649 2203 730 2280 gula.

171 2306 260 2369 Biada
276 2303 332 2368 sihi
346 2311 495 2383 maneam,
512 2319 627 2383 carues,
644 2303 818 2382 uiriumque,
839 2304 952 2371 farinae
971 2333 978 2372 ε

211 2407 326 2487 Jupiter
343 2425 359 2469 e
381 2409 455 2469 eoelo
476 2425 534 2468 neu
557 2406 612 2468 sihi
627 2408 747 2469 mandat
761 2424 854 2484 aquas
872 2430 878 2469 :

172 2515 247 2576 Cum
262 2509 355 2575 hestis
371 2509 455 2574 settis
470 2509 582 2572 iaciunt
600 2510 727 2574 rerirare
741 2510 867 2573 melinus
882 2561 889 2591 ‚

210 2617 432 2694 Forsuuturque
446 2613 581 2677 homiues
597 2614 673 2676 ferte
687 2613 808 2676 rirarrdo
820 2614 933 2676 melam
950 2637 957 2694 ;

167 2720 353 2797 Plangehaut
368 2714 480 2798 populi,
497 2714 657 2777 summissu
672 2731 742 2778 rece
756 2713 927 2789 eridauteS,

209 2820 255 2882 Ad
270 2821 421 2883 Christum
436 2819 597 2881 homiuum
613 2837 644 2882 se
658 2817 805 2880 retiraudo
819 2816 867 2897 pie
885 2839 891 2878 :

167 2924 278 2986 Panem
294 2921 423 3000 quetidie
438 2923 473 2984 da
488 2921 585 3000 uehis,
602 2920 718 2984 Christe
732 2919 880 3000 benigue,

205 3034 261 3100 (0³
272 3027 353 3089 Aher
368 3044 454 3105 opem
468 3026 595 3106 miseris²
610 3026 674 3106 ipse
688 3043 807 3089 neeesse
823 3025 902 3089 rides
921 3050 927 3089 :

170 3132 298 3197 Pteuitet
310 3138 453 3193 armatam
472 3133 650 3194 Prorensam
666 3130 876 3210 saquegiasse:

207 3242 297 3301 Parce
311 3253 414 3315 precor
433 3236 527 3317 uehis,
549 3235 671 3298 fecimus
687 3255 774 3299 omne
789 3238 902 3299 malum
920 3259 927 3299 :

1040 1947 1046 1978 i
