2394 4148
411 377 564 430 aaronem
587 378 792 422 runeuuroum.
987 367 1018 422 ll

175 490 331 551 Armatam
346 488 436 566 Regis
448 488 614 566 d’Espagua
634 504 711 566 saepe
726 488 893 567 gubernat,

215 597 269 656 Est
284 592 339 656 sibi
359 595 531 673 cervellum,
547 592 764 671 consiliumque
778 595 902 655 bouum.

173 700 338 778 sortilegus
356 701 446 762 fallax
465 705 522 775 est,
542 695 699 758 divinando
718 698 888 774 malorum;

212 803 342 864 Folletos
355 807 464 881 portat,
480 799 692 877 belligerando,
709 801 813 861 malos

177 905 245 982 Ung
260 911 449 986 moyssantus
467 905 556 965 homo
568 908 754 984 meyssantos
769 903 886 964 serebat
898 888 1026 976 babere,

210 1008 251 1070 Et
266 1006 448 1088 pathardisas
462 1005 602 1085 somniat,
621 1012 712 1084 atque
732 1005 813 1068 laeit.

174 1117 212 1183 Et
224 1116 293 1178 Dux
304 1114 445 1194 Baream,
461 1113 630 1178 Ferrandus
644 1112 777 1193 Marquio
790 1113 891 1192 Gasti,

208 1218 294 1282 Αἰνῶ
309 1219 379 1281 Dux
394 1217 484 1281 etiam
496 1217 755 1295 consequebantur
770 1234 853 1279 eum.

174 1322 348 1400 Complures
368 1321 440 1384 alios
459 1320 595 1383 homines
609 1327 723 1382 armata
737 1321 897 1396 menabat,

211 1426 269 1488 Sed
283 1442 335 1504 per
349 1425 531 1487 Provensam
550 1429 627 1485 terra
641 1424 771 1503 sepultat
783 1441 844 1486 eos.

174 1529 230 1590 Per
243 1533 360 1589 nostras
374 1533 470 1588 terras
484 1524 591 1603 viginti
608 1525 690 1589 mille
708 1526 829 1605 reliquit
843 1577 849 1605 ‚

211 1628 268 1701 Qui
282 1631 358 1690 bene
371 1630 536 1708 pensabant
553 1646 606 1690 nos
619 1646 757 1708 superare
774 1629 852 1706 eito;

170 1734 210 1795 Et
228 1749 298 1794 eum
313 1749 462 1810 vergogua
483 1739 614 1794 mortum
634 1739 699 1810 post
717 1749 824 1812 eorpus
839 1750 944 1794 eorum

209 1837 280 1898 Post
293 1835 351 1897 fuit
365 1849 382 1898 a·
395 1835 518 1898 canibus
532 1853 598 1898 esea
621 1833 733 1897 irianda
753 1835 845 1915 lupis.

172 1943 236 2004 Non
251 1939 309 2004 sibi
327 1945 400 2002 tuno
414 1943 524 2002 elassos
540 1941 616 2002 ullos
634 1956 777 2018 campana
793 1941 936 2018 sonabat,

209 2047 364 2108 AEternam
379 2044 512 2124 requiem
535 2062 622 2108 nemo
636 2045 801 2124 preguabat
820 2043 862 2105 eis
879 2066 884 2103 :

173 2148 236 2209 Non
253 2149 375 2211 sanabat
389 2165 438 2210 eos
453 2150 534 2208 ullus
548 2145 680 2209 iaciendo
695 2163 846 2224 oaressas,

212 2254 298 2316 Ullus
313 2268 368 2314 nee
381 2250 513 2313 medicus
526 2249 737 2312 merdioinabat
751 2268 801 2312 eos
816 2273 822 2310 :

174 2353 325 2432 Pottagios
344 2371 462 2431 grassos
476 2355 577 2415 nullus
589 2353 745 2416 mandabat
759 2353 890 2432 amions;

215 2460 291 2521 Cum
309 2459 429 2520 fortuna
444 2456 531 2536 perit,
551 2458 654 2519 nullus
669 2456 780 2520 amiens
794 2459 886 2522 adest.

175 2565 335 2643 Nunquam
354 2581 406 2643 per
424 2565 541 2642 plumas
555 2566 660 2627 molles
674 2571 786 2626 armata
806 2572 965 2646 repausat,

217 2667 250 2727 ln
267 2673 345 2729 terra
360 2669 451 2730 lectos
466 2684 573 2744 guerra
589 2667 685 2730 fidelis
703 2669 804 2730 babet.

176 2769 232 2832 Sed
248 2786 410 2833 memorare
424 2772 505 2848 uolo,
522 2789 580 2832 non
602 2769 691 2832 latius
706 2771 946 2849 extravagand0‚

216 2873 288 2944 Quae
305 2890 357 2952 per
375 2875 557 2934 Proveusam
569 2873 647 2934 faeta
662 2873 744 2936 luere
759 2875 859 2937 modo.

178 2979 236 3040 lste
249 2979 449 3059 Emperayrus
461 2977 498 3038 ad
513 2995 578 3057 noe,
599 2977 754 3060 ueniendo,
777 2983 938 3059 marabot,

217 3081 396 3160 induperare
414 3087 523 3160 putans
538 3080 676 3144 omnibus
691 3088 780 3161 atque
794 3083 865 3146 uiris
881 3107 887 3145 :

175 3185 242 3244 lam
256 3183 311 3245 sibi
328 3184 507 3262 semblabat‚
523 3185 603 3262 quod
613 3186 761 3260 mundum
769 3187 878 3250 riserat
889 3205 1007 3251 omnem
1023 3237 1028 3260 ,

220 3286 258 3346 ut
274 3287 352 3346 Dens
368 3285 398 3348 iu
414 3287 496 3349 eoelis
509 3289 631 3367 Jamque
646 3288 762 3353 timeret
778 3308 857 3353 enm.

852 3398 869 3448 u
