2394 4148
422 372 578 429 cnrorrour
604 377 812 425 rurunarerus.
1007 368 1053 430 99·

190 484 249 547 Vos
263 487 339 549 bene
356 486 512 568 veneritis,
529 486 605 552 dixit
622 484 765 570 Sognoria
778 499 861 569 tora,

227 585 309 650 Felix
328 595 452 652 aventus
466 588 504 651 sit
518 591 616 672 modo,
636 609 749 674 queso,
765 600 845 657 tuus.

188 689 254 753 Non
272 690 379 755 melius
393 691 490 772 potuit
509 693 673 772 quidquam
687 696 860 776 contingere
874 699 959 764 nobis
973 752 980 783 ‚
1031 701 1033 704 ’

229 805 285 872 m·
301 799 411 864 Omnes
426 800 588 880 gaudentes
603 809 702 866 vestra
716 811 825 868 renutu
839 804 919 870 iaoit.

187 901 292 964 Omnia
312 921 380 982 quae
393 901 504 968 fuerint
523 903 616 985 vobis,
632 906 811 987 guerrundo,
828 924 947 972 necesse

225 1006 406 1072 Demandate
418 1008 517 1085 modo,
533 1007 627 1090 petria
642 1018 750 1074 ennete
767 1010 859 1075 debit.
955 1028 963 1045 ·

187 1108 297 1185 Omnes
315 1110 465 1190 provehis
480 1114 619 1176 volumus
631 1113 814 1195 despondere
833 1113 944 1196 vitam¹

222 1210 261 1275 nt
275 1213 344 1276 dare
363 1213 510 1296 denarios,
527 1232 649 1296 corpora
667 1224 769 1280 nostre
784 1234 914 1298 quoque.

185 1319 348 1385 Consilium
361 1321 430 1385 iecit
448 1339 553 1384 rursus
571 1321 747 1384 concludere
765 1322 878 1402 finem,

224 1422 382 1486 Auxilium
400 1438 546 1503 magnum
559 1421 654 1503 patria
669 1429 792 1502 praestat
810 1420 857 1501 ei3

182 1525 333 1604 urgentes
351 1527 453 1605 piures
472 1528 564 1590 ruiios
580 1525 758 1608 Respublica
772 1525 887 1606 inruit,

222 1626 382 1706 vinagium
396 1629 482 1692 iaciat
497 1636 531 1692 ut
544 1630 632 1694 modo
645 1636 746 1709 prosto
760 1645 861 1691 suum.

181 1731 316 1810 Andreas
330 1731 433 1796 Dorias
446 1731 571 1797 armarit
589 1732 695 1797 deinde
709 1735 823 1812 galerus
838 1782 846 1813 ,

220 1839 321 1917 Usque
334 1836 366 1900 in
380 1837 573 1919 l’Espagnam
590 1855 738 1919 permane
756 1844 856 1920 portat
868 1852 951 1902 eum.

178 1940 241 2006 illic
259 1942 439 2022 nunciasset,
456 1958 573 2020 grossas
590 1940 722 2007 iaciendo
736 1957 908 2021 menassas;
1037 1946 1041 1952 “

216 2044 274 2107 Sed
286 2044 407 2124 Jappare
424 2051 533 2124 potest,
553 2045 689 2110 mordere
700 2060 809 2125 nempe
824 2042 910 2109 nihil.

176 2147 225 2222 Ad
238 2147 391 2212 Christum
405 2146 567 2211 Dominum
577 2148 615 2212 de
627 2165 697 2214 vere
710 2148 798 2213 corde
811 2163 971 2229 precamur·
983 2195 990 2228 ,
1027 2160 1032 2169 '

214 2256 299 2329 Quod
311 2261 431 2318 tantum
444 2259 543 2318 tornet
555 2301 563 2334 ,
582 2253 703 2332 quando
715 2260 853 2334 petemus
866 2269 951 2317 eum.

179 2357 237 2420 Sed
251 2357 328 2420 bone
341 2355 406 2418 Rea
423 2360 537 2437 noster,
555 2371 616 2418 non
628 2352 763 2419 oblidabo
777 2355 931 2435 novellas,
1032 2370 1036 2380 ¹

215 2461 295 2535 Quas
314 2462 393 2524 bene
409 2477 464 2542 pro
483 2476 575 2542 payso
596 2477 678 2525 nune
690 2456 815 2524 recitare
828 2458 923 2524 dedet.

171 2563 220 2626 Ad
234 2560 323 2629 Vobis
342 2578 459 2645 semper
476 2561 629 2626 Provincia
644 2579 676 2627 se
687 2561 898 2641 reoemrndat,

211 2667 272 2731 Vos
290 2673 374 2748 pater
385 2665 468 2748 eriis,
483 2666 511 2732 ei
528 2674 573 2730 tot
588 2666 722 2731 iaciendo
735 2667 824 2730 bona.

170 2767 348 2836 Defendisiis
361 2782 428 2834 eam
441 2777 522 2834 reete
534 2771 572 2834 de
582 2771 667 2835 fauce
678 2767 802 2833 Feronis
814 2817 822 2849 ,

209 2871 265 2946 Qui
279 2871 372 2936 soluit
385 2875 531 2954 populum
542 2880 731 2953 persecutore
744 2869 809 2948 Dei

169 2979 229 3041 Pro
243 2977 357 3042 mundo
372 2975 467 3041 veluit
481 2977 561 3041 Deus
578 2981 611 3040 et
629 2973 737 3039 suirire
756 2973 948 3051 lamoniam,

208 3083 283 3146 Cum
298 3080 421 3146 salvavit
435 3096 517 3161 eum,
532 3080 606 3144 dum
620 3078 795 3143 tenebrosus
808 3083 890 3156 erat;
