2394 4148
167 361 205 420 2⁰
433 377 552 427 urrann
574 378 755 424 unrnurmsn

165 485 248 548 lntra
267 484 463 566 Parrlrisium,
480 486 607 551 similem
622 506 690 567 quae
705 490 869 554 nonhabet
889 492 1008 558 urbem
1023 517 1034 575 ;

211 592 278 674 (lut
292 593 380 672 buna,
403 599 447 656 tut
461 599 566 671 gentes
585 592 661 656 Villa
674 593 787 657 frianda
803 595 901 679 tenet)

171 696 205 757 ln
219 691 317 775 plassd
331 696 457 758 allarum
474 698 503 759 la
518 699 645 779 payhanr
661 699 790 761 solueret
804 697 863 762 illis
876 720 885 778 ;

211 798 317 862 Plures
330 796 465 862 denarius
480 815 587 877 guerra
602 799 705 863 liraret
717 798 769 863 ibi.

172 905 236 967 Nun
251 921 366 967 pessare
380 910 477 984 petest
492 922 624 984 unquam
639 906 764 969 fantasia
780 914 880 971 nostra
894 956 902 988 ,

215 1008 291 1072 Cum
306 1006 396 1088 videt,
411 1025 445 1071 ae
459 1007 541 1073 audit
558 1016 619 1074 tam
638 1018 700 1074 seta
716 1012 804 1075 rerba
818 1011 912 1090 loqui.

176 1114 248 1175 Juro
261 1111 358 1174 lleum
372 1110 537 1190 Christum,
557 1110 636 1197 qued
651 1111 676 1174 si
694 1114 876 1177 marchasset
890 1114 928 1177 ad
941 1112 1034 1180 illam

216 1215 274 1277 Pru
291 1215 504 1295 berbulhand0‚
522 1214 583 1279 sire
597 1216 728 1279 renardo
742 1233 870 1297 renum,

178 1316 283 1380 Solum
300 1315 411 1381 bellitri
429 1317 482 1396 qui
499 1317 656 1398 l'espitalla
675 1319 864 1400 gubernant,

215 1420 254 1484 Et
268 1421 428 1484 eherehant
444 1419 555 1484 vietum
568 1438 684 1502 semper
698 1438 799 1486 amere
812 1420 866 1485 Dei
881 1471 889 1501 ,

177 1523 334 1587 Aussando
345 1542 460 1588 pressas
475 1542 527 1604 pre
545 1523 656 1606 pinnis,
672 1541 755 1587 mere
768 1522 945 1605 delentirm,

217 1629 360 1695 Bastones
374 1628 464 1692 etiam
478 1628 595 1708 quisue
615 1629 749 1693 membra
762 1634 871 1707 regunt
885 1649 892 1706 ;

177 1728 254 1791 Cum
267 1730 460 1810 berengueris
475 1737 504 1794 et
519 1728 626 1795 pressis
646 1746 754 1808 guerra
768 1727 874 1792 fuisset
889 1778 896 1810 ‚

217 1833 261 1897 be
274 1840 335 1898 tres
349 1850 439 1912 grans
454 1852 542 1915 copus
556 1833 683 1914 quisque
701 1831 830 1896 dedisset
848 1831 886 1895 ei.

180 1936 234 2000 'let
250 1935 474 2017 ebarpinassent
487 1935 574 2000 illum
592 1954 645 2018 per
659 1952 766 2016 cerpus
780 1941 810 1998 et
828 1949 938 2012 eures,

219 2039 328 2102 Nullus
345 2038 500 2102 herberius
518 2047 584 2121 post
603 2046 768 2121 reparasset
787 2054 867 2102 eum.

178 2146 340 2224 Promptus
353 2149 416 2206 erat
434 2150 511 2207 tutas
528 2142 688 2224 capitanus
707 2159 847 2223 rumpere
864 2158 1010 2218 crassas,

219 2246 259 2310 Et
276 2247 511 2310 l'estendardum
525 2254 625 2328 presto
640 2248 738 2309 levare
753 2261 853 2309 suum.

181 2351 219 2414 Sa
240 2366 402 2433 peyssansa
420 2358 502 2416 tenet
519 2350 566 2416 bis
584 2359 706 2416 centum
720 2349 803 2414 mille
821 2347 991 2430 quoquines

221 2453 489 2535 dammandi-atos,
505 2462 535 2519 et
549 2457 625 2520 bene
638 2454 734 2519 nutrit
753 2472 802 2519 eos
816 2504 823 2535 ‚

185 2556 243 2631 Qui
256 2563 328 2623 sunt
341 2558 495 2621 valheutes
513 2557 750 2623 nentralaeiando
768 2558 920 2637 malados,

227 2659 384 2724 cursantes
405 2677 524 2742 panem,
541 2679 620 2743 saepe
643 2658 782 2724 eridando
795 2659 904 2723 Deum.

187 2762 255 2826 Alla
268 2779 431 2845 campagus
450 2770 528 2828 totos
542 2764 648 2829 sortire
668 2765 786 2828 volebat
801 2785 809 2826 ε

226 2864 308 2930 Nulli
321 2873 507 2948 reseampant
526 2885 601 2946 quus
614 2865 773 2932 belitralha
794 2867 881 2939 tuat,

185 2967 363 3034 Merobaude
383 2969 507 3053 pedites,
523 2979 716 3051 guerrassent
735 2971 850 3049 absque
866 2961 1009 3044 carabis;

226 3071 369 3152 Vulnera,
385 3087 514 3152 cumque
527 3073 623 3155 plagis
642 3076 742 3137 ulcera
760 3072 857 3135 multa
872 3070 982 3134 iurent.

188 3170 237 3241 Illi
249 3171 389 3238 fecissent
407 3173 515 3238 meliis
528 3176 662 3239 bundare
676 3177 704 3239 la
723 3181 852 3252 testam,

227 3275 322 3351 Qu'am
341 3275 449 3343 iaciant
461 3279 604 3356 juvenes,
627 3274 746 3357 quando
759 3277 787 3338 la
802 3289 912 3356 pauma
927 3272 1016 3338 ualet.
