2394 4148
179 344 217 401 :to
443 356 561 401 urr'onr
584 356 762 403 nnrrarnrsr

181 470 264 531 Tunc
279 483 310 531 se
324 466 483 530 lorlillcant
496 474 620 546 secrete,
636 466 698 531 sire
711 468 866 535 retorsant
881 522 890 553 ,

221 572 290 633 Post
307 588 359 633 sua
372 569 547 633 multotiens
561 571 663 634 lallare
676 569 778 650 lingua
799 577 894 639 solet.

183 672 288 736 Omnis
303 674 392 735 homo
406 672 546 751 mendax,
563 672 604 737 sic
618 673 778 753 Evangelia
790 684 944 759 cantant;

220 782 277 848 ,ω
287 776 404 855 Snagna
420 776 514 839 bonas
533 784 638 854 gentes
653 792 770 858 semper
783 780 902 846 habere
914 786 1011 849 solet.

178 881 318 945 Promisit
331 882 468 961 propulo,
484 880 617 957 grandus
631 880 788 959 segnorius
802 891 886 948 esset

219 982 324 1047 Omnis
340 999 371 1045 se
391 983 529 1058 rendens‚
545 984 632 1047 corde
649 986 777 1065 volente,
791 987 922 1052 lubens.

178 1086 235 1148 Sed
251 1104 305 1147 nos
317 1102 387 1148 cum
407 1084 484 1148 luria
497 1085 596 1149 subito
610 1086 817 1168 respondimus
829 1089 875 1153 illi
890 1140 898 1171 ,

216 1194 347 1274 Esnasas
366 1189 510 1254 manibus
522 1191 650 1270 quisque
668 1193 795 1256 tenendo
809 1211 908 1258 suas:

178 1295 243 1358 Scis
258 1295 347 1358 modo
361 1295 433 1374 quid
446 1312 556 1374 cerras,
572 1298 748 1376 mallanum‚
764 1313 817 1360 seu
830 1298 911 1361 mala
924 1286 1047 1379 pasca?

215 1399 254 1461 Et
270 1396 327 1459 nisi
342 1404 373 1458 tu
390 1414 500 1477 cesses,
514 1398 611 1473 crede,
628 1398 755 1461 frotatus
770 1397 840 1462 eris.

176 1508 282 1568 Postea
297 1501 426 1565 toruarit
447 1504 579 1565 multum
597 1509 747 1583 trompare
764 1504 793 1566 la
806 1502 933 1586 rillam3

215 1608 335 1686 Nosque
347 1606 543 1670 manassando
558 1628 565 1669 :
586 1607 713 1687 quisque
726 1614 878 1673 crematus
891 1610 953 1675 erit
967 1632 975 1691 ;

176 1716 280 1795 Dicite,
294 1731 346 1776 ros
361 1711 473 1794 populi,
495 1728 586 1791 nunc,
607 1729 688 1776 nunc
702 1711 842 1793 Hispania
856 1712 961 1797 vivat,

216 1818 279 1882 Aut
293 1817 388 1894 locus,
409 1824 438 1879 et
453 1812 577 1893 sangnis
591 1814 688 1895 patria
702 1822 764 1879 tota
782 1822 896 1880 manet.

177 1919 309 1984 Dicimus
327 1924 358 1981 at
372 1936 426 1981 nos
447 1925 520 1982 tunc
537 1924 654 1998 lrompa
671 1939 678 1980 :
695 1935 776 1981 nunc
793 1917 917 1983 Francia
929 1919 1036 2004 rirat,

215 2021 320 2087 Vivere
335 2040 394 2084 non
408 2021 495 2084 debet
510 2022 628 2101 Spagna
646 2021 758 2084 ribaldo
773 2027 836 2084 tua.

173 2126 337 2190 Consilium
356 2125 453 2188 tenuit
469 2127 636 2205 cregnendo
653 2124 749 2206 patria
763 2140 887 2187 rursum

212 2229 270 2303 Qui
287 2230 417 2292 lacerent
429 2241 534 2307 gentes
554 2247 585 2293 se
599 2228 749 2293 retirando
767 2226 846 2290 cito:

172 2337 468 2415 Lansaqueuetorum
487 2353 610 2414 grossus
628 2336 690 2414 J'am
709 2350 832 2415 campus
851 2333 1007 2417 abundat,

211 2440 322 2504 Gentes
337 2447 367 2501 et
380 2438 481 2502 villam
501 2439 673 2518 saqrregiare
688 2442 800 2503 volens.

171 2544 285 2609 Interea
302 2543 476 2621 magnussrt
495 2540 682 2622 torignonus,
702 2544 811 2605 abalto

210 2648 347 2712 dulmine
359 2651 507 2729 pulsatus,
528 2647 663 2710 scadrula
682 2647 800 2726 quando
813 2647 917 2711 verrit:

168 2752 245 2815 Cum
259 2753 359 2818 rabido
378 2752 476 2817 sonitu
496 2750 546 2815 din
559 2752 615 2815 don
635 2768 776 2833 campana
792 2754 937 2834 sonabat,

207 2857 246 2917 Et
264 2859 314 2917 lou
335 2862 527 2917 toccacenum
540 2851 669 2916 maxima
684 2854 786 2917 clocha
801 2860 896 2917 sonat.

167 2958 224 3019 Pro
238 2955 290 3018 tali
309 2954 406 3019 sonitu
426 2964 604 3020 cunctorum
618 2957 704 3019 corda
720 2963 924 3036 tremescunt,

208 3062 334 3123 Currere
349 3076 407 3121 non
430 3067 565 3141 cessant,
581 3059 796 3142 nerdubitando
810 3063 934 3125 malum.

166 3169 252 3232 Tunc
271 3166 306 3230 ad
326 3167 497 3228 martellum
511 3184 663 3248 campanea
682 3170 768 3231 turha
785 3152 933 3242 caminat,

207 3273 240 3335 ln
260 3278 370 3332 terram
386 3271 518 3332 lomlranl
539 3268 738 3351 precipitando
753 3269 851 3351 nimis.
