2394 4148
529 345 706 391 GADSONETO.
1018 333 1035 388 3

197 454 286 520 luerit
300 473 369 520 eum
387 455 503 535 ingenti
516 465 545 520 ot
560 457 653 522 valido
663 459 792 522 exercitu
803 468 935 524 nostram
948 461 1036 523 inva—
1074 492 1078 497 ·

197 570 268 633 dere
278 567 473 648 Provinciam,
489 574 518 631 et
531 569 610 647 quod
621 567 750 632 deterius
770 574 837 649 est,
861 585 892 632 se
911 570 1037 648 iactasse

195 672 323 737 Parisios
343 691 438 753 usque
452 692 520 737 snas
535 676 614 737 leves
637 662 704 737 alas¹
719 663 849 752 a'qnilees
864 723 872 755 ,
897 673 1035 738 omnibus

193 778 306 861 invitis,
322 781 480 844 extendere
493 780 578 843 nelle.
603 780 661 842 Sed
672 797 709 842 ex
723 782 782 842 alto
798 829 804 861 ‚
820 796 890 843 casn
908 778 1034 843 irreme-

193 882 293 948 diabili
310 869 432 964 conenit,
446 882 499 971 qni
516 886 613 947 volare
628 882 734 962 satagit
746 890 905 962 antequam
921 900 1034 964 pennas

191 995 334 1053 assumat.
351 987 452 1067 lnquit
466 987 546 1051 enim
560 988 627 1050 lons
637 989 815 1066 eloquentiae
828 986 940 1069 Cicero,
955 986 986 1049 in
999 1005 1033 1051 eo

190 1089 265 1154 libro
275 1107 366 1170 quem
381 1090 546 1171 composuit
563 1092 599 1155 de
611 1090 781 1154 senealnte:
800 1093 870 1152 Non
883 1091 1005 1154 veritos
1021 1137 1031 1166 ,

187 1201 245 1255 out
257 1187 435 1270 velocitate,⁸
449 1201 507 1256 out
517 1194 680 1257 celeritate
692 1195 836 1274 corporis
845 1212 896 1257 res
909 1211 1029 1274 mayaco

187 1305 363 1376 gerentum
378 1297 433 1361 sed
459 1299 614 1378 oonsilio,
636 1299 825 1361 anctoritate
844 1305 874 1359 et
888 1297 1030 1360 scientio.

186 1406 225 1471 Ut
239 1404 328 1468 etiam
339 1404 436 1483 inquit
450 1423 556 1468 anneus
566 1411 667 1468 textos
686 1405 716 1468 in
734 1408 800 1484 lege
810 1386 1025 1466 DubiomCod.

187 1509 225 1570 de
234 1507 399 1587 repudiis:
410 1511 479 1570 Non
494 1508 622 1570 dubium
637 1516 683 1571 est
697 1510 803 1571 omnio
817 1508 944 1570 omnino
959 1527 1028 1588 qnae

185 1612 317 1674 oonsilio
332 1613 413 1674 recti
433 1618 589 1691 yerootor
602 1661 608 1692 ‚
621 1610 695 1692 jure
709 1613 901 1693 meritoque,
918 1610 1026 1690 effecto

184 1723 216 1778 et
230 1716 384 1797 firmitate
397 1715 470 1777 niti.
486 1715 606 1778 Nullam
620 1712 690 1778 sane
703 1715 845 1778 rationem
858 1714 957 1795 ipsum
969 1730 1025 1775 ur-

184 1827 307 1898 gentem
321 1821 357 1887 de
374 1820 441 1899 jure
455 1817 583 1900 reperire
594 1827 704 1899 posset,
718 1818 777 1899 qni
787 1818 902 1883 licuerit
914 1817 941 1882 ei
954 1834 1025 1896 reg-

180 1941 255 1988 num
273 1907 560 1987 christianissimum
575 1921 726 1984 Gallorum
748 1919 849 1984 hostili
870 1937 952 1983 more
967 1937 1024 1998 ag-

178 2014 272 2107 gredi.
295 2027 371 2090 Nam
385 2025 455 2089 licet
470 2026 633 2105 Imperator
643 2024 877 2088 Christianorum
890 2023 928 2087 sit
943 2026 1024 2087 solos

178 2132 284 2197 mundi
300 2131 464 2211 Dominus,
485 2147 537 2210 ner
551 2137 670 2194 textum
683 2130 715 2192 in
730 2131 809 2209 Lege
822 2133 1020 2211 Deprecatio.

177 2242 209 2303 ll.
230 2238 272 2300 od
286 2239 385 2319 leoena
399 2236 551 2299 Rhodiam
565 2237 603 2301 de
613 2237 726 2318 jacto:
745 2234 805 2300 non
823 2239 1022 2301 tamenhabet

178 2341 359 2424 imperinm,
382 2339 442 2404 sive
460 2338 694 2419 jnrisaliotionem
718 2359 770 2421 per
795 2356 898 2404 omnes
921 2348 1020 2422 partes

177 2445 298 2524 mnndi;
316 2443 427 2509 seilicet
446 2442 499 2507 uhi
512 2462 572 2506 non
593 2452 663 2507 sunt
681 2443 782 2525 populi
795 2443 912 2524 devicti,
925 2447 972 2507 vel
984 2445 1020 2507 de

176 2549 333 2615 laetoaliis
345 2548 509 2628 snbjngati.
525 2547 606 2612 Facit
616 2550 678 2612 Lex
689 2552 717 2611 t.
731 2551 764 2611 fl.
779 2549 816 2611 de
828 2549 1018 2630 acquirendo
1129 2574 1132 2581 ·

174 2675 284 2720 rerum
297 2655 452 2736 Dominio,
469 2653 520 2717 ubi
536 2661 667 2734 notatur,
683 2653 897 2733 quodquidam
917 2651 1030 2715 homi-‘

175 2778 228 2823 nes
238 2765 308 2822 sunt
321 2758 399 2821 intra
414 2758 571 2839 imperium
586 2807 593 2836 ‚
611 2757 730 2837 quidam
740 2766 842 2821 extra:
859 2764 889 2820 et
902 2755 933 2818 in
948 2772 1018 2820 eon-

173 2863 377 2928 stitntionibus
388 2864 419 2926 in
434 2861 551 2927 rubrici
564 2865 597 2926 n.
610 2862 662 2926 nbi
675 2869 807 2944 notatur,
823 2861 901 2942 quod
921 2863 1016 2943 lmpe

171 2974 250 3032 rator
263 2956 390 3049 imperat
402 2965 536 3046 subditis3
547 2967 632 3046 qnasi
642 2966 730 3044 dieat,
744 2985 803 3030 non
812 2966 944 3031 *subditis
955 2986 1014 3031 non

170 3071 307 3154 imperet,
319 3089 374 3136 neo
383 3071 415 3134 in
424 3071 465 3134 eis
474 3070 563 3135 habet
571 3071 700 3150 aliquam
710 3070 955 3151 jurisdictionem.
970 3072 1013 3135 lta

171 3177 259 3243 otiam
265 3179 372 3241 Petrus
383 3175 481 3241 Jacobi
491 3175 521 3238 ln
535 3175 596 3239 sois
606 3174 724 3238 libellis.
736 3174 775 3238 llt
786 3173 911 3238 nlteliits
926 3191 1013 3237 sano-

171 3279 278 3355 tissimi
289 3283 386 3362 Papae,
399 3271 608 3368 Imperatorem-7
617 3281 726 3359 Reges>
741 3275 811 3350 enm¹
822 3286 1011 3356 coronantur,
