2394 4148
502 373 696 420 sansonem-.-
994 364 1012 424 7

172 485 228 548 sibi
242 484 371 565 subditi,
386 491 416 547 et
436 484 532 562 Reges
549 501 608 546 non
622 495 861 563 recognoscentes
876 471 1011 569 superio·
1108 469 1111 472 ⁴

171 607 235 656 rem
247 590 307 654 sint
320 591 514 671 Imperatores
528 587 560 650 in
574 606 627 652 suo
639 605 742 670 regno,
758 608 817 654 non
832 598 931 655 tamen
942 612 1012 674 pos·-

172 702 243 758 sunt
253 695 367 757 auterre
376 695 487 773 dejure
497 692 584 757 alicui
594 693 670 757 bona
683 711 735 756 sua
748 693 812 759 sine
823 694 909 759 causi
917 696 1008 776 jnstt.

169 802 246 864 Nam
267 801 333 866 licet
350 804 478 866 habeant
494 800 728 881 jurisdictionem
740 799 771 863 in
785 800 939 865 universos
953 801 1010 866 sibi

170 909 319 990 subditos,
341 927 401 972 non
425 915 524 973 tamen
547 909 657 972 babent
677 907 840 971 dominium
863 909 1009 974 directum

169 1029 270 1075 rerum
294 1010 516 1092 particularium
540 1010 740 1092 privatarum,
762 1028 831 1090 quae
845 1010 916 1074 olim
935 1029 1010 1075 con-

168 1135 258 1181 cessae
271 1117 394 1180 luerunt
408 1117 637 1199 occupantibus,
660 1119 768 1180 Inrttt.
789 1117 826 1179 de
838 1136 948 1179 rerunt
962 1117 1012 1179 di-

167 1219 303 1301 ot'aione,
324 1221 416 1300 poesi
433 1237 493 1300 per
517 1226 616 1281 toturn
627 1240 637 1297 ,·
656 1218 883 1283 Panormitanus
896 1218 928 1281 in
942 1237 1007 1301 cap.

167 1324 205 1384 Si
223 1323 391 1405 diligenti,
415 1341 505 1404 quem
523 1322 572 1386 alii
591 1330 759 1402 sequuntur
773 1330 802 1385 et
816 1321 885 1386 vere
897 1340 1008 1403 appro-

167 1425 259 1504 bant,
276 1424 312 1486 de
331 1426 645 1505 Proscriptlooibo35
659 1424 712 1489 ubi
724 1423 833 1506 inquit,
849 1424 1009 1504 quodlicet

166 1529 294 1594 Comites
307 1537 337 1594 et
351 1529 469 1592 Domini
481 1533 656 1610 temporales
669 1531 796 1594 tundent
809 1528 1005 1597 intentionem

170 1650 255 1697 suam
269 1636 305 1698 de
319 1636 386 1714 J'ure
403 1633 564 1710 communi,
587 1636 681 1713 quoad
695 1651 742 1698 res
756 1633 827 1696 sitas
839 1632 918 1697 inira
930 1633 1008 1698 limi.-

169 1744 214 1800 tes
233 1737 280 1801 sui
292 1737 450 1817 territorii,
472 1736 648 1816 intelligitur
663 1736 777 1817 solum,
793 1736 904 1801 ratione
916 1735 1008 1815 iuris·

164 1843 301 1923 ¹dictionis
316 1842 474 1920 territorii,
496 1853 526 1908 et
540 1860 599 1905 non
618 1843 788 1907 directitatis
804 1867 809 1906 :
826 1862 881 1909 nec
897 1845 1009 1909 deben-

162 1953 214 2008 tur
227 1945 269 2010 eis
282 1945 421 2010 laudimia
435 1946 471 2009 de
489 1943 722 2026 possessionibus
737 1963 805 2025 quae
817 1947 1005 2028 venduntur,

165 2049 212 2110 rel
226 2048 310 2112 aliter
333 2049 499 2113 alienantur
519 2047 550 2110 in
573 2047 626 2110 sub
643 2047 865 2130 jurisdictione,
890 2047 948 2111 nisi
969 2049 1005 2112 de

166 2155 308 2220 servitute
329 2155 413 2220 aliter
427 2162 560 2232 constet3
585 2154 655 2219 crim
676 2153 841 2236 territoria,
857 2172 908 2218 seu
928 2163 1005 2221 terra

166 2268 250 2340 gasta
272 2269 403 2343 spectet,
427 2261 622 2343 etpertineat
636 2261 672 2324 ad
689 2259 912 2324 universitatem
925 2262 1005 2326 illius

164 2366 222 2430 loci
237 2366 267 2429 in
284 2365 410 2446 quisita
425 2374 482 2448 est,
497 2385 549 2448 per
570 2375 688 2430 tentum
705 2365 736 2428 in
754 2366 789 2428 L.
806 2370 912 2431 Omnis
930 2371 1007 2430 Pro-

165 2474 363 2551 vinctorum,
386 2471 428 2536 ibi
445 2473 610 2535 territorio
634 2472 760 2533 ciuium.
784 2472 854 2537 Coti.
877 2473 915 2535 de
929 2491 1005 2554 ope-

164 2577 253 2640 ribor
263 2577 413 2657 publicis.
437 2576 476 2639 tlt
493 2575 552 2640 late
573 2592 625 2656 per
639 2575 812 2664 Antibolum
830 2577 862 2639 in
877 2583 1004 2642 tractatu

164 2697 323 2744 munerum
337 2681 373 2744 ad
387 2683 477 2744 finem
491 2687 560 2743 ante
573 2687 634 2742 tres
648 2682 810 2742 columnas.
829 2680 867 2742 m
881 2697 934 2760 per
947 2680 1006 2742 llo-

162 2781 279 2845 minum
293 2783 478 2863 Stephanum
489 2781 643 2844 Bertrandi
660 2780 690 2843 in
705 2799 723 2842 v
738 2778 886 2845 volumine
899 2780 1002 2844 consil.

162 2903 289 2948 xxxvnr.
312 2885 352 2948 m
375 2903 427 2965 per
446 2892 657 2965 praeceptorem
671 2901 772 2948 meum
786 2884 945 2948 Dominum
968 2887 1004 2950 de

160 2987 255 3070 Ripa,
280 2996 310 3053 et
333 2988 404 3051 alios
425 2987 455 3050 in
474 2988 509 3050 L.
525 3007 546 3050 1.
563 2990 595 3050 ii.
619 2989 655 3051 dc
673 2989 864 3070 acquirendo
874 3006 1003 3070 possea·
1102 3030 1109 3040 ·

160 3095 256 3158 sione.
282 3094 376 3174 lgitur
390 3094 458 3174 plus
477 3091 567 3172 qu'am
590 3092 705 3155 licitum
722 3092 779 3156 luit
800 3100 901 3157 nostro
915 3091 1003 3156 Chri-

162 3196 338 3262 stianissimo
355 3198 429 3276 Regi
443 3197 584 3278 Francioe
604 3215 636 3260 ao
655 3197 758 3260 incolis
772 3197 1001 3262 Prouincialibus

161 3299 224 3381 (qui
239 3301 283 3363 sui
298 3301 402 3365 naturai
418 3310 488 3366 sunt
502 3301 674 3382 fidelissimi,
690 3301 863 3383 perspicacis
876 3301 1001 3378 ingenii,
