2394 4148
505 616 606 690 IDEM

247 801 312 856 n
351 799 576 858 ΕΙΙΙΒΕΙΙ
614 799 865 858 Mullum

340 928 762 1028 Uice-Geooellerium.
785 1020 786 1023 a

127 1324 323 1404 Grasorrsrs,
341 1342 459 1404 precor,
475 1330 592 1388 nostras
606 1323 655 1387 hic
671 1322 770 1404 accipe
785 1339 907 1401 musas,

172 1426 245 1499 Qoae
256 1431 376 1489 cantare
390 1427 498 1505 solent,
515 1425 553 1488 sit
566 1425 621 1488 tihi
634 1428 723 1503 longa
738 1427 831 1489 salus.

131 1525 282 1590 continue
291 1526 373 1591 certe
386 1525 475 1591 tacita
489 1528 659 1591 submonte
672 1530 849 1608 revolvunt,
915 1598 917 1601 v

169 1631 212 1694 Te
229 1628 339 1709 quibus
358 1629 394 1692 ad
414 1627 555 1690 meritum
568 1628 706 1692 laudibus
725 1647 820 1710 usque
835 1632 957 1693 levent:

130 1733 256 1806 Quando
270 1731 390 1812 quidem
404 1738 488 1794 tanto
503 1730 576 1794 viris
592 1749 673 1795 nunc
685 1730 794 1811 dignus
807 1735 939 1812 honore,

169 1837 208 1899 Ut
224 1837 327 1899 nullus
346 1834 450 1898 laudes
468 1850 645 1897 enumerare
658 1841 758 1914 queat.

130 1938 190 2002 Hoc
209 1937 277 2003 licet
291 1938 438 2017 exiguum
452 1954 565 2001 munus
584 1938 787 2018 mandantque
805 1937 955 2002 libentert

165 2041 230 2122 Nir,
250 2041 305 2105 tihi
319 2041 400 2121 quod
415 2048 541 2122 possent
555 2041 682 2121 tradere,
698 2041 796 2119 maJ'us
810 2048 884 2103 erat.

127 2143 166 2206 Et
180 2144 253 2205 dum
269 2143 329 2206 fata
344 2142 448 2206 sinent
462 2143 595 2207 animum
611 2143 772 2223 perducere
786 2145 891 2223 ssatus,

173 2242 224 2304 Sol
238 2258 359 2320 quoque
371 2258 425 2322 per
438 2248 533 2306 terras
546 2242 662 2306 lumina
672 2245 751 2306 clara
760 2242 847 2306 dabit
863 2292 870 2323 ,

130 2342 168 2406 Εῑ
185 2346 296 2407 celeres
311 2342 459 2424 semiper
473 2361 590 2408 somma
604 2343 757 2408 cacumina
773 2346 905 2426 flabunt,

169 2448 271 2526 Atque
284 2449 482 2528 procellosum
496 2449 569 2512 dum
588 2456 670 2530 pelet
684 2450 764 2513 unda
780 2466 881 2530 mare,

130 2552 243 2616 Harum
257 2551 426 2632 pectoribus
439 2554 520 2617 fixus
531 2554 700 2618 remanebis
714 2571 815 2619 amore
835 2578 841 2617 :

170 2652 337 2715 Poraahont
348 2651 437 2716 ctiam
454 2670 563 2717 nomen
576 2656 613 2717 ad
626 2662 706 2718 astra
722 2663 809 2717 tuum
822 2676 829 2733 ;

132 2755 172 2818 Et
186 2753 324 2834 precihus
341 2755 453 2818 summi
466 2757 630 2837 pulsabunt
644 2757 768 2820 numina
783 2757 870 2839 coeli,

173 2855 212 2921 Ut
226 2855 307 2922 viras
328 2857 397 2922 felix
412 2865 546 2939 tempora
565 2860 665 2936 longa.
684 2861 766 2923 Vale.

519 3153 600 3262 Θ
649 3250 655 3265 .
