2394 4148
217 608 474 711 immo,
513 619 910 709 8ΑΡΙΕΝΤ188110011Ε

440 804 531 876 vrno,
554 803 688 857 nomno

280 961 455 1067 uului.
506 959 845 1084 unisonum,

140 1180 187 1250 IN
216 1174 458 1248 PROVINCIA
496 1173 599 1244 VICE
617 1217 634 1230 -
651 1174 982 1270 CANGELLARffl,

338 1340 443 1421 iegioquo
454 1338 558 1401 itlrorato
570 1339 659 1401 ieratis
670 1338 782 1420 iuuenis,

277 1550 317 1604 A.
339 1547 501 1612 REM,
524 1548 560 1602 S.
583 1549 623 1603 Ρ.
647 1548 839 1602 ΜᾸΝΙΙΙΤ.
918 1587 924 1600 .

491 1745 621 1797 5οΕ

172 1948 258 2010 Tunu
281 1946 312 2009 in
335 1961 384 2009 me
416 1945 599 2024 singularem
627 1945 888 2027 benevolentiam,
913 1947 985 2010 Pro-

134 2051 311 2117 Canoellario
331 2050 508 2132 magnifice,
534 2069 723 2134 summopere
743 2050 937 2135 magnifacio,
954 2062 984 2117 et

132 2154 349 2218 humanitatem
361 2172 430 2234 erga
445 2172 493 2220 me
504 2163 588 2219 tuam
603 2159 793 2220 vehomenter
807 2160 980 2239 amplector,

135 2278 171 2324 ex
188 2278 247 2340 quo
258 2261 427 2323 universam
440 2277 538 2324 meam
552 2261 605 2324 tibi
620 2278 739 2341 operam
753 2262 863 2326 deiero.
888 2263 981 2329 Multa

134 2363 214 2429 enim
228 2363 259 2427 in
273 2380 322 2426 mo
333 2364 513 2428 benemerita
529 2367 607 2427 ultro
621 2382 673 2445 per
696 2372 726 2428 to
740 2367 870 2447 proiecta
889 2376 961 2431 sunt

135 2489 203 2551 quae
217 2471 298 2533 nulla
310 2485 444 2548 unquam
458 2469 566 2533 delebit
586 2469 704 2533 oblitio.
731 2468 789 2535 Sed
812 2490 850 2536 no
870 2473 901 2537 in
921 2445 984 2539 dios'

134 2577 205 2642 uitio
222 2574 445 2655 ingratitudinis
456 2574 603 2656 inculpari
616 2595 745 2658 possem,
761 2577 872 2658 aliquid
880 2579 910 2642 in
923 2579 986 2643 exi·

136 2696 227 2760 guam
238 2694 428 2759 compensum
439 2676 495 2741 tibi
508 2680 613 2742 offerre
627 2679 872 2759 excogitaveram.
891 2681 984 2746 Vere·

135 2786 189 2848 bar
200 2789 314 2858 tamen,
336 2799 375 2845 ne
388 2799 447 2860 qua
461 2781 595 2845 fortassis
618 2783 654 2846 de
677 2800 725 2846 me
749 2782 883 2847 animum
897 2791 985 2848 tuum

138 2887 251 2952 subiret
274 2884 449 2967 admiratio,
463 2903 571 2966 meque
594 2905 654 2950 non
673 2886 839 2953 insolentiae
856 2940 863 2970 ,
880 2890 984 2954 verum

138 2991 227 3056 etiam
241 3006 290 3053 me
302 2988 478 3053 temeritatis
492 2988 562 3053 vitio
573 3007 724 3055 accusares
736 3013 743 3072 3
760 2990 829 3056 oum
841 2992 905 3074 ipse
914 2995 985 3059 adeo

140 3098 234 3180 tonui,
249 3096 379 3177 exilique
392 3095 528 3177 ingenio,
542 3096 578 3185 de
598 3098 687 3160 robus
702 3098 789 3161 rerba
809 3098 905 3162 iacere
927 3117 984 3162 au·

138 3204 224 3267 deam
237 3252 244 3282 ,
259 3219 326 3282 quaa
340 3218 393 3282 pro
414 3217 515 3263 rerum
533 3199 757 3282 magnitudine,
775 3202 983 3280 gravissimum

136 3314 166 3368 ot
184 3302 460 3384 eloquentissimum
473 3353 480 3382 ,
496 3320 529 3365 ae
552 3301 717 3366 maximnm
732 3303 890 3382 quemdam
905 3306 983 3366 Poi-

810 3408 820 3465 t
