2394 4148
407 377 560 431 nrronrour
583 377 786 422 rurunnronrs.
982 364 1018 423 Π

170 492 267 554 Grans
282 505 385 567 gamas
404 489 493 566 feeit,
514 488 624 552 taciens
639 492 796 553 tremolare
811 489 960 554 rilhaoos:

213 595 269 655 Per
283 599 381 654 tutum
400 592 548 655 mundum
562 594 623 671 jam
643 611 696 655 sua
716 593 794 655 fama
808 596 898 656 volat.

171 696 306 760 Grandes
322 698 461 760 allarmas
483 697 562 777 iecit,
583 698 739 760 blessaudo
753 700 919 778 potastros;

211 801 334 862 Nostras
349 799 473 878 gallinas
485 799 549 879 ipse
568 807 653 863 tuare
667 800 748 863 facit.

173 904 276 965 Nullas
289 900 319 963 in
335 920 426 984 payso
442 902 526 965 nobis
545 920 599 982 pro
614 901 729 966 semine
746 902 860 967 laissat.

214 1003 238 1066 0
253 1021 338 1082 gram
353 1004 564 1084 daumagiumt
582 1005 691 1068 femina
707 1022 836 1084 quaeque
849 1004 953 1068 oridat.

174 1109 295 1171 Vostros
310 1109 452 1172 debbatos
466 1109 579 1173 audivit
593 1112 674 1190 Papa
688 1111 844 1186 dolenter,

214 1213 252 1274 m
267 1212 362 1276 voluit
375 1231 480 1295 pacem
492 1221 592 1294 presto
611 1215 713 1277 botare
724 1216 854 1294 honam,

174 1316 212 1378 Et
229 1317 266 1380 de
285 1316 439 1380 Lorrenui
458 1335 544 1396 gram
556 1317 742 1399 cardinales,
766 1317 880 1381 amicus

219 1421 263 1483 De
282 1418 344 1483 tota
364 1420 488 1500 mansa,
508 1422 568 1484 Vos
586 1421 662 1484 bene
675 1437 792 1502 semper
806 1437 930 1501 amans,

110 1599 113 1606 .
175 1523 235 1596 Qui
248 1527 324 1588 bene
337 1524 451 1587 derizat
465 1541 536 1587 eum
549 1523 634 1588 libris
653 1531 684 1588 et
695 1524 897 1603 Dominabus3

218 1627 265 1689 Ad
280 1629 355 1690 bene
374 1627 536 1706 jazandum
554 1643 642 1690 nemo
656 1626 781 1691 revincit
799 1643 880 1690 eum.

175 1732 266 1793 illum
279 1730 390 1794 desirat
402 1749 457 1811 pro
471 1727 550 1809 Papa
569 1730 700 1793 mundus
713 1731 823 1794 habere
837 1754 844 1792 :

216 1837 283 1916 lpse
299 1852 397 1899 meam
416 1850 518 1898 vocem
531 1834 607 1897 dono
620 1833 749 1898 libenter
760 1834 797 1898 ei.

175 1936 382 2018 induperatori
395 1936 475 2002 recte
494 1938 531 2001 de
547 1938 615 2016 iure
629 1945 831 2002 remonstrant.
847 1989 854 2020 ‚

214 2041 254 2102 Et
273 2043 390 2119 parlaut
406 2039 450 2103 ini
464 2056 535 2103 cum
555 2039 670 2104 ratione
685 2039 772 2104 boni.

179 2145 295 2205 tostam
310 2143 470 2220 guerraudi
489 2143 636 2208 rationem
649 2163 708 2209 non
722 2147 813 2210 habet
829 2148 921 2209 ullam

218 2245 308 2306 Nune
324 2250 426 2306 eontra
440 2244 583 2309 Fransam
598 2269 604 2306 :
628 2263 676 2310 res
696 2248 772 2311 bene
785 2251 863 2312 clara
876 2252 989 2311 manet.

181 2345 357 2409 clamabant
375 2362 491 2427 omnes,
506 2355 608 2411 contra
627 2350 687 2412 Vos
701 2352 852 2430 guerrata
871 2359 984 2416 tortum
1001 2373 1008 2413 ε

219 2450 283 2512 Lou
299 2449 376 2514 male
389 2457 544 2531 peceatum
563 2469 645 2532 saepe
658 2452 756 2534 perire
766 2454 855 2534 faoit;

180 2555 348 2618 necordare
361 2557 439 2618 valet
461 2553 580 2638 melius,
600 2557 692 2636 qu'am
711 2574 850 2639 rumpere
861 2561 983 2622 lansas:

221 2658 279 2732 Qui
296 2675 428 2738 gagnare
442 2666 539 2740 putat,
556 2677 636 2741 saepe
653 2667 788 2726 moeatus
801 2661 896 2725 adest.

185 2764 241 2826 Est
255 2771 336 2827 totus
354 2764 486 2827 mundus
507 2783 588 2828 nune
608 2764 638 2827 in
654 2783 774 2831 rumore
787 2766 939 2846 maligno:

226 2870 349 2944 Quando
367 2878 443 2934 testa
463 2871 555 2951 dolet,
572 2877 677 2935 oaetera
692 2874 826 2937 membra
841 2873 953 2937 dolent.
1067 2888 1070 2893 ·

186 2970 243 3045 Qui
254 2979 356 3035 contra
370 2972 515 3035 Fransam
528 2969 620 3052 uadit,
636 2989 696 3035 non
712 2981 864 3055 prosperat
880 2987 1032 3053 unquam;
1124 3028 1127 3032 .

227 3076 332 3141 Vivere
350 3094 409 3139 non
424 3074 515 3139 etiam
534 3082 667 3154 tempora
685 3078 775 3154 longa
791 3084 899 3157 potest.

186 3182 441 3246 Eroumeniantur
457 3179 568 3260 iniuste
587 3181 664 3244 bella
680 3188 834 3246 moventes

224 3285 298 3361 Regi
311 3287 493 3350 Francorum
512 3309 517 3347 :
536 3285 577 3348 sir
596 3284 641 3366 pia
656 3286 723 3364 jura
742 3288 857 3349 uolunt.

855 3393 873 3447 3
