2394 4148
239 363 296 424 422
503 380 542 424 sp
563 380 810 427 rrirorcrrurru

236 493 413 557 Processum
427 509 561 573 gognano
575 491 733 573 aliquando
747 492 843 574 perdit
857 492 888 556 iu
903 492 953 556 illo
968 542 976 574 ‚

278 595 385 660 Omnia
400 596 425 660 si
438 603 538 661 contet
551 617 557 675 ;
582 596 757 677 experiensa
771 597 866 660 docet.

240 697 358 762 Aurum
371 699 520 780 judicibus
535 718 653 769 rossum
668 702 787 784 haylare
801 700 959 781 bisognat‚
992 679 997 694 ⁸

278 801 401 867 Grassas
415 803 540 882 gallinas
554 804 611 869 rito
624 823 730 884 coparo
745 805 861 870 sciunt:

235 906 336 986 Atque
350 907 509 972 lidroccati
525 907 637 972 iaciunt
651 908 772 972 diodero
786 925 959 973 crumenam
973 959 981 990 ,

277 1008 487 1073 Procuratores
506 1010 701 1090 denariosque
723 1021 840 1092 petunt.

235 1110 369 1190 Munera,
386 1112 471 1175 crede
484 1112 569 1192 mihi,
586 1112 707 1193 capiunt
723 1112 920 1192 hominesque
933 1114 1085 1194 Deosque,

272 1213 329 1276 Les
341 1212 465 1277 Avooati
478 1231 603 1279 munera
619 1233 735 1296 semper
750 1222 863 1278 amant.

234 1314 389 1378 Rostelant
403 1333 523 1397 aurum,
539 1318 646 1381 bursas
661 1314 822 1397 implendo,
837 1313 959 1396 Notou,

272 1418 391 1497 Longos
405 1436 562 1499 processus
577 1436 694 1500 semper
708 1421 818 1483 hahere
831 1421 948 1482 volunt.

234 1521 366 1603 Quisque
379 1524 462 1587 labor
477 1530 821 1606 serquatpagamerrtum
831 1539 949 1603 semper
958 1521 1082 1603 habere3

272 1626 330 1701 Qui
343 1626 419 1693 nihil
433 1626 576 1693 imborsat
590 1635 652 1693 tros
667 1645 726 1708 que
739 1627 865 1693 belitrus
880 1626 947 1692 erit.

232 1726 292 1796 Vos
305 1733 382 1799 hene
395 1731 548 1812 veneritis,
564 1749 681 1814 sempor
695 1733 827 1797 Bosocha
841 1734 951 1797 salutat
965 1781 972 1811 ,

272 1832 330 1907 Qui
344 1832 400 1901 sibi
413 1835 450 1899 de
462 1836 554 1899 bursa
569 1838 683 1901 solvere
697 1833 766 1899 uina
783 1837 899 1898 volunt.

231 1937 289 2011 Qui
307 1936 389 2001 vonis
403 1938 439 2002 ad
454 1945 588 2002 nostram
601 1955 655 2018 pro
670 1935 1025 2020 playuegiarehotegam,

272 2042 335 2107 Aut
355 2060 405 2124 per
421 2059 578 2123 processus
593 2040 832 2107 sollicitaremus
847 2090 854 2120 ,

232 2143 264 2207 si
281 2151 518 2224 proclamentum
536 2143 580 2208 ris
595 2144 774 2224 despaoharo
786 2150 815 2206 ia
830 2158 971 2222 causam,

269 2245 309 2309 Et
323 2246 399 2311 bone
413 2247 493 2327 quod
507 2246 605 2328 vadat,
621 2245 797 2325 hursegiore
811 2246 906 2310 decet.

230 2347 275 2408 Tu
289 2347 366 2410 berre
379 2347 533 2426 cognoscis
545 2369 553 2427 ;
571 2349 623 2412 ubi
637 2358 738 2415 sancia
756 2346 879 2429 pecunia
894 2352 1012 2426 regnat,

271 2451 432 2514 Processus
447 2450 558 2513 vadunt
579 2451 794 2533 despachiaodo
809 2450 878 2516 cito.

229 2554 337 2619 Nullus
355 2570 437 2618 amor
456 2554 555 2634 durat,
571 2552 755 2618 nisiiruotus
768 2561 866 2619 servet
880 2569 1039 2630 amorem3

271 2662 317 2726 Au
336 2661 364 2722 la
379 2654 555 2738 gibaceriom
571 2656 699 2737 quisque
718 2658 822 2721 horare
842 2657 936 2738 cupit.

231 2767 288 2830 Per
302 2783 399 2831 sacras
413 2767 506 2845 leges,
522 2780 596 2843 quas
611 2780 692 2828 nunc
706 2764 838 2828 Basocha
852 2761 954 2829 reiecit
968 2812 976 2842 ,

271 2869 313 2935 Lo
328 2869 432 2935 vinum
450 2868 572 2950 Clergui
585 2886 702 2952 semper
721 2869 831 2935 habere
852 2871 967 2932 volunt.

229 2976 306 3041 Cum
319 2978 409 3041 bursa
423 2976 512 3043 iacies
528 2983 621 3042 totum
636 2976 755 3039 aianaro
766 2977 793 3037 la
809 2980 954 3052 gentem,

268 3079 360 3144 Sensa
379 3079 505 3145 denariis
521 3080 652 3145 scribere
663 3095 750 3143 nemo
765 3084 874 3158 poiest.

230 3181 366 3248 Scribere
384 3182 437 3265 qui
450 3183 555 3264 noscit,
572 3185 692 3247 nullum
705 3187 791 3262 potat
803 3197 868 3245 esse
879 3181 1032 3257 lahorem

269 3285 341 3349 Tres
353 3283 438 3365 digiti
451 3285 602 3366 scribunt,
617 3290 723 3349 oaeiera
742 3283 876 3346 membra
896 3283 1008 3347 dolent.
