2394 4148
418 316 573 370 uaromour
596 317 801 362 rnrunaronrs.
994 304 1032 360 titi

180 432 256 506 Quid
268 429 375 495 melius
388 429 503 494 homini
517 437 572 510 est,
593 430 665 509 quid
680 432 748 511 pius
760 429 906 511 pretiatur
920 428 1030 511 inille,

224 533 320 606 Quam
335 550 452 596 serrare
466 532 580 596 fidem?
604 534 690 596 Nune
703 531 776 595 nihil
795 550 861 596 esse
872 539 982 613 potest.

184 635 269 698 Unus
282 635 372 696 homo
391 633 507 697 varians
520 634 588 714 plus
603 640 649 696 ost
668 651 759 712 quam
779 633 873 697 bestia
887 636 996 716 bruta,

221 739 260 801 lit
275 737 419 819 quidquid
431 738 529 820 faciat,
546 757 604 802 non
620 740 731 820 probus
743 757 809 803 esse
821 746 929 821 potest.

178 843 283 907 Fronti
298 845 380 906 nulla
401 844 486 923 fides,
507 850 653 923 rumpunt
673 842 817 924 promissa
836 842 974 924 patroni:

216 947 412 1020 &Dedecus
424 954 469 1010 est
483 945 598 1010 homini
609 948 712 1011 fallere
724 947 836 1025 grande
848 947 949 1011 fidem.

179 1047 320 1128 Princeps
332 1049 496 1111 Turoarum
512 1066 571 1111 non
584 1050 654 1128 plus
666 1047 800 1111 saevisset
817 1047 847 1110 in
859 1046 947 1128 illos,

218 1157 320 1236 Atque
333 1158 409 1221 toret
424 1155 543 1237 melius,
560 1155 658 1235 credo,
678 1152 819 1216 misertus
833 1152 886 1216 eis.

178 1263 237 1326 Sed
248 1264 284 1326 de
303 1262 360 1327 isto
379 1281 449 1326 oaso
463 1281 521 1325 non
540 1259 895 1338 merrellrarebisognat,

218 1366 265 1428 Ad
279 1366 424 1429 Fransam
442 1372 575 1429 nostram
589 1381 729 1445 rumpere
744 1370 830 1444 pacta
848 1364 933 1425 solet.

179 1468 289 1531 Nasoni
304 1468 398 1532 eredit
412 1485 529 1549 semper
546 1467 697 1547 l'Espania
716 1469 860 1545 llaelanS,

219 1568 277 1643 Qui
290 1577 443 1650 trumpare
455 1571 551 1649 docet,
573 1569 690 1648 quando
704 1569 802 1648 puella
816 1575 917 1645 negat.

175 1669 347 1752 Promittas,
369 1672 474 1752 iaci103
494 1672 564 1752 qnid
579 1672 659 1736 enim
679 1671 852 1753 promittere
865 1671 971 1736 laedit‘l

215 1774 356 1838 Pollicitis
375 1776 455 1840 diues
474 1776 599 1856 quilibet
617 1794 682 1841 esse
699 1783 810 1857 potest.

177 1882 192 1942 J
197 1879 315 1960 uppiter
327 1897 364 1944 ex
381 1883 440 1945 alto
454 1882 583 1962 periuria
598 1882 674 1945 ridet
688 1888 863 1962 amantum,

213 1983 251 2045 Et
262 1984 347 2061 jubet
361 1984 451 2047 eolios
466 1984 547 2048 irrita
565 1986 643 2049 serre
655 1992 752 2048 notos.

172 2087 248 2151 Cum
263 2088 321 2151 luit
333 2107 349 2151 a
362 2088 459 2166 Nissa‚
473 2094 606 2153 multum
622 2110 654 2155 se
669 2099 780 2154 armata
793 2089 942 2170 molinet,

212 2195 325 2258 Versus
343 2209 413 2254 eum
429 2196 555 2273 clamat,
570 2194 600 2257 in
616 2196 783 2274 ronegario
802 2198 898 2259 Deum
914 2219 921 2259 :

172 2301 211 2364 Et
224 2300 311 2380 quasi
324 2309 386 2365 tota
401 2303 488 2365 illum
507 2304 621 2368 luriens
635 2315 748 2370 armata
761 2308 880 2389 reliquit
893 2361 901 2392 ‚

213 2405 485 2470 Lansaoanetorum
505 2408 601 2472 banda
621 2409 740 2490 reliquit
754 2430 840 2495 eum;

172 2511 323 2589 Argentos
335 2515 413 2575 ullos
428 2511 571 2592 quianon
587 2515 841 2599 donaverat-illis,

211 2614 250 2675 Et
268 2615 414 2697 layssaral
428 2631 479 2677 eos
497 2622 588 2695 atque
602 2615 699 2696 perire
711 2618 790 2680 fame
805 2640 810 2678 :

172 2716 290 2797 Vixque
308 2719 409 2782 decem
425 2726 544 2782 tantum
560 2739 613 2800 per
623 2721 741 2784 Nissam
755 2722 836 2785 mille
853 2731 1000 2803 reoampat

211 2821 404 2902 Gendarmas,
426 2823 562 2902 quamuis
579 2823 710 2904 timpana
732 2843 833 2905 grossa
852 2833 998 2909 toquent,

171 2922 261 3003 Quas,
274 2941 328 3004 per
341 2922 526 3001 Marquisum
538 2921 622 2985 Gasti
633 2941 686 2986 son
704 2927 947 3004 loggatenentem

210 3028 289 3091 Misit
303 3027 335 3091 in
347 3026 474 3108 ltaliam²
496 3025 695 3106 saquegiando
710 3030 844 3108 pohlum.

171 3131 237 3210 lpse
248 3131 368 3211 reliquit
386 3148 448 3207 eos,
464 3131 572 3193 horum
587 3132 755 3208 oregnendo
774 3134 926 3215 furorem,

209 3235 295 3298 lluno
310 3235 395 3314 qnasi
414 3237 585 3314 gendarmm
604 3252 710 3317 nempe
729 3238 838 3303 irolare
855 3243 975 3311 rolunt;
