2394 4148
176 366 216 429 ll
443 379 564 424 uarum
585 376 766 423 uurnarmsn

177 493 373 572 lnrluperatur
394 489 434 553 ait
449 495 527 570 pust,
544 486 726 568 respiciendo
741 486 845 552 sietam

217 596 303 659 Villa
314 595 480 673 llarselhae‚
502 590 608 656 mania
624 599 706 655 tanta
727 591 850 673 videns,

176 701 276 778 Atque
294 697 473 762 herebardus
492 695 628 775 lornitm,
648 702 775 775 tumque
789 698 926 778 palmas,

216 806 255 868 Et
272 811 370 867 tantas
385 809 501 880 gentes,
525 819 600 880 quas
615 817 775 864 numerare
794 800 900 880 nequit
910 808 922 881 ;’

177 909 216 971 Et
228 906 346 986 quando
361 905 441 968 tillet
456 902 609 968 artilharia
624 910 707 966 tanta
719 913 841 984 petare,

218 1013 291 1086 Quae
305 1017 416 1074 terram
435 1020 465 1073 et
480 1010 591 1072 eoelum
612 1010 827 1089 pertremulare
839 1006 931 1089 lacit,

176 1111 396 1178 Scandalesatit
418 1130 450 1175 se
464 1113 608 1192 multum,
625 1113 701 1175 torte
720 1112 852 1175 reuandu

216 1217 325 1280 Contra
339 1215 529 1295 Marselham‚
546 1233 600 1278 eur
611 1214 759 1279 reuirabat
774 1231 856 1279 eum.

177 1322 311 1385 Armatae
328 1316 402 1382 dixit
416 1340 422 1380 ι
440 1318 621 1382 Marselham
637 1318 764 1382 ridimus
779 1335 901 1383 omnem
919 1368 927 1399 ‚

215 1423 323 1485 Nullus
336 1440 388 1502 per
398 1426 509 1487 lorsam
527 1423 671 1502 prendere
687 1430 786 1503 posset
799 1440 867 1487 eam

175 1529 273 1606 Nunc,
290 1528 347 1591 nisi
362 1547 414 1610 per
435 1536 539 1608 gentes
555 1530 610 1591 lroc
631 1530 666 1592 de
682 1536 824 1613 traysune
838 1528 976 1610 veniret;

216 1639 292 1700 Nam
311 1639 491 1701 lortallessas
505 1641 572 1716 trop
594 1637 682 1699 habet
695 1635 758 1716 ipsa
773 1637 879 1700 bonas.

175 1741 214 1803 Et
238 1739 366 1803 reuirare
380 1737 479 1802 bridas
499 1755 574 1817 opus
593 1744 651 1817 est,
674 1737 812 1802 laetando
830 1739 988 1820 catalhos,

214 1843 326 1906 Versus
347 1840 450 1920 Aquas
465 1841 575 1903 celeres
592 1858 646 1903 nus
662 1838 784 1904 retirare
798 1839 902 1905 decet:

173 1946 212 2008 Et
228 1963 280 2025 pur
297 1941 440 2008 carrarias
459 1942 501 2006 nil
517 1962 571 2006 nus
587 1946 750 2008 thaumare
766 1943 921 2022 bisoguat,

213 2050 272 2112 Nes
287 2047 424 2127 sequitur
438 2050 552 2112 bellum
566 2046 749 2111 llassiliense
760 2049 884 2110 malum.
1005 2064 1009 2071 ·

169 2154 413 2216 llsearramussas
428 2160 569 2232 poterunt
585 2152 718 2231 lringare
729 2155 863 2216 ualentes

209 2257 263 2336 Hie
277 2257 368 2321 luris:
392 2267 438 2321 ast
456 2257 539 2322 intus
559 2262 661 2321 nullus
674 2276 762 2322 enare
777 2264 886 2339 petest.

171 2359 272 2422 Insula
293 2359 414 2424 boueani
424 2364 490 2426 lraee
503 2369 548 2425 est
561 2361 706 2424 Marselha
720 2361 839 2439 petarda
853 2409 861 2441 ,

210 2461 304 2524 Bacca
319 2461 365 2526 del
380 2460 497 2527 interno
516 2481 624 2545 nempe
637 2466 734 2542 togata
751 2471 863 2527 manet.

172 2564 284 2644 lgneus
302 2563 333 2626 in
346 2564 469 2644 Fransa,
483 2565 536 2643 qui
555 2573 618 2629 tam
638 2569 715 2631 buna
729 2565 983 2647 sumministrat,

213 2664 308 2737 Quam
327 2664 412 2729 laniat
425 2665 548 2743 Paulus,
563 2665 712 2747 Bartolus‚
729 2675 819 2746 atque
830 2665 931 2731 Sinus.

172 2764 230 2838 Qui
249 2783 378 2854 semper,
393 2782 510 2846 semper
522 2766 634 2830 lurtum
647 2786 701 2849 pro
713 2769 794 2848 Rege
807 2771 921 2833 laborat
934 2817 942 2848 ‚

211 2868 305 2946 Cujus
320 2866 481 2930 eonsilium
496 2870 561 2934 Rex
577 2873 675 2935 trobat
689 2873 880 2937 essebonum
894 2893 901 2950 ;
952 2903 956 2911 ·

171 2971 323 3034 Vulcanus
336 2972 438 3046 talarus
457 2973 494 3037 de
512 2978 586 3039 cuelo
607 2975 733 3039 fulmina
753 2976 920 3056 mandans,

209 3077 399 3159 Luminaqui
418 3090 578 3164 monstrat,
594 3084 713 3163 quande
733 3089 838 3147 tonare
858 3081 951 3162 lacit,

168 3186 232 3248 Non
246 3192 368 3269 possent
387 3183 473 3264 ignes
490 3193 589 3250 tantos
609 3189 728 3251 sufflare
749 3195 938 3266 cremanteS‚

208 3287 286 3360 Quot
308 3285 381 3350 milri
391 3288 523 3372 pulsarit
538 3288 720 3353 Massilieuse
735 3307 842 3368 genus.
