2394 4148
413 372 567 425 caromnnr
589 373 795 418 nrrsnarnnrs
988 357 1022 416 rt

175 488 232 549 Per
252 491 374 566 pentem
389 485 490 549 Craris
510 485 638 566 passasit
653 493 757 568 trappa
770 489 884 550 valenta
899 538 905 566 ,

215 591 320 652 Portas
335 591 455 653 ubertas
470 589 506 652 de
519 589 611 652 Crare
629 598 740 670 pontus
753 591 842 654 habet
859 614 865 653 :
987 617 1000 634 ν

175 691 261 764 Quod
272 690 329 754 fuit
341 691 376 754 ad
393 690 492 753 villam
507 699 586 754 certe
598 709 748 771 sergogna
762 710 896 771 regressa
909 713 915 769 ;

214 797 303 858 Porta
316 795 377 858 iere
390 794 515 874 simplex
528 801 600 857 tunc
615 797 776 858 reculasset
790 813 870 859 enm.

173 900 201 962 Α
214 902 303 978 longe
318 900 467 964 medicum
479 908 573 964 totam
591 908 659 981 post
673 901 792 982 respicit
806 903 909 965 urbem
924 951 930 981 ,

213 1003 340 1066 Omnem
353 1004 506 1076 defensam
526 1003 601 1067 scire
614 1004 736 1068 volendo
749 1021 834 1067 suam
849 1026 855 1066 :

171 1108 209 1170 Et
224 1124 293 1171 cum
307 1106 379 1170 vidit
391 1124 457 1170 eam
469 1107 511 1171 sic
525 1115 646 1170 tantum
658 1107 863 1186 fortificatam,

209 1211 333 1273 Plenam
347 1208 529 1289 gendarmis‚
550 1208 767 1288 armigerisque
786 1208 891 1289 bonis,

172 1314 229 1388 Qui
243 1322 363 1395 prepter
377 1314 522 1376 Fransam
536 1312 629 1376 vitam
645 1312 731 1377 finire
745 1315 903 1390 volebant,

213 1418 365 1480 Sacratam
380 1415 479 1496 potins
494 1432 586 1494 quam
600 1415 709 1484 riolare
722 1418 812 1480 fidem
829 1441 835 1480 ;

175 1518 255 1581 Vidit
270 1536 362 1596 aquas
377 1517 478 1595 etiam,
495 1534 547 1580 sen
562 1524 680 1578 tantum
697 1517 820 1581 ssnmina
835 1536 942 1597 magna
957 1571 963 1599 ,

214 1625 270 1685 Tot
286 1629 359 1700 quet
371 1622 568 1684 semblablant
582 1621 721 1685 omnibus
735 1640 800 1685 esse
813 1640 895 1686 marc
908 1673 915 1704 ,

172 1723 322 1804 Flumina,
339 1731 454 1802 stagna,
471 1725 564 1805 lacus,
580 1725 689 1800 fontes,
705 1726 824 1804 fossata,
838 1727 960 1806 paludes
976 1777 983 1808 ‚

211 1827 341 1891 Rnbinas
355 1828 493 1909 grandes,
510 1847 584 1908 quas
598 1846 675 1907 aqna
690 1845 807 1908 semper
821 1830 930 1908 habet3

171 1935 209 1996 Et
229 1934 341 1995 flumen
356 1929 502 2010 Rhodani,
518 1930 646 1994 mediam
660 1931 739 2010 qnod
753 1930 856 1994 circuit
872 1934 998 2013 nrbem,

213 2039 345 2113 Quando
355 2043 533 2118 supervexat
548 2033 676 2116 plurima
690 2035 797 2098 damna
811 2036 927 2114 ierens3

170 2143 260 2207 Blada
275 2148 376 2221 negat,
392 2140 497 2219 signas
511 2157 564 2220 per
579 2156 710 2220 campos,
727 2147 816 2219 atquc
834 2142 1002 2222 cabannas,

211 2247 316 2307 Totam
330 2242 506 2320 Camargam
518 2259 596 2321 saepe
612 2249 714 2305 natare
725 2242 804 2306 iacit.

171 2347 273 2409 Insula
290 2351 410 2425 propter
424 2359 516 2421 aquas
531 2351 577 2406 est
591 2343 798 2424 insuperabilis
812 2346 923 2430 Arius,

211 2451 268 2512 Per
282 2449 393 2511 farsam
408 2464 564 2526 nunqnam
578 2447 667 2511 Cesar
680 2448 803 2512 haberet
817 2467 906 2529 eum;

171 2553 219 2617 Sic
232 2572 292 2616 nen
306 2551 421 2615 ansavit
440 2558 506 2631 post
523 2550 745 2633 intraprendere
758 2555 867 2631 gatiam
881 2603 888 2634 ,

210 2657 251 2719 Et
264 2661 367 2719 centra
381 2654 483 2745 pillarn
498 2655 683 2720 borbclihare
698 2655 771 2718 nihil
784 2677 790 2733 ;
823 2660 826 2665 '

172 2762 210 2825 Et
225 2761 289 2825 sine
302 2750 459 2840 musaddc,
475 2760 604 2824 tornavit
623 2768 722 2840 preste
738 2768 921 2838 retrnrsnm3

211 2866 276 2929 Non
292 2863 489 2943 subjnrnavit,
505 2861 612 2925 maenia
626 2871 708 2926 tanta
722 2862 836 2927 videns.

173 2967 229 3030 Sed
243 2966 298 3030 tibi
311 2966 356 3029 ris
370 2965 478 3045 dinam,
494 2964 562 3028 tecit
576 2971 649 3027 tnnc
662 2964 726 3045 ipse
740 2982 888 3043 sagessam
903 3015 910 3046 ,

212 3069 292 3133 Milic
306 3070 465 3132 balafratas
486 3067 553 3131 villa
572 3066 701 3130 dedisset
714 3066 762 3130 ei:

173 3172 204 3233 Si
218 3173 453 3253 s'apprcchasset
466 3172 503 3236 de
517 3172 615 3251 barca,
630 3172 697 3250 iuro
712 3176 865 3234 tonantem
880 3220 887 3249 ‚

212 3275 361 3340 Perdisset
376 3284 496 3358 gemm,
512 3283 632 3358 tempus
646 3283 676 3339 et
690 3292 778 3339 omne
792 3293 880 3338 snum
894 3296 900 3354 ;
