2394 4148
188 400 225 457 id
450 393 570 454 nrirdnr
592 408 771 453 nnrncrnrsa

187 525 245 589 Sed
259 522 315 587 siDi
326 526 394 603 juro
413 523 502 586 tidem
518 512 699 585 nostran'r'de
710 516 844 602 principe
857 538 1012 603 magnam
1026 577 1035 607 ,

227 629 310 704 Qudd
332 628 356 691 si
371 645 403 692 se
416 633 545 706 moreat,
560 627 637 689 forte
651 627 791 690 chocatus
805 625 882 706 erit;

186 735 286 814 Atque
300 751 385 798 suam
401 739 506 814 penset
519 739 586 812 post
600 737 694 794 totam
711 731 815 796 indere
829 740 943 797 restam
959 784 966 816 ‚

226 839 282 900 Pro
296 853 355 915 rne,
372 836 551 914 guerrand0,
574 834 690 899 sibene
704 843 783 899 carta
799 834 884 899 viret.

185 939 251 1018 lpse
265 955 320 1017 ego
334 939 370 1001 dc
389 936 498 1000 Fransd
518 944 697 1020 pcyssantus
711 938 774 1000 Rex
796 954 846 1000 ero
864 954 1011 1022 semper,

224 1040 286 1103 Rex
302 1038 490 1117 Espagnnlus
502 1041 547 1100 rel
562 1036 650 1101 rnodd
669 1039 761 1100 irater
774 1037 841 1101 erit.

184 1146 273 1207 illurn
287 1152 348 1207 tam
362 1145 484 1208 bassum
498 1145 535 1207 de
550 1141 623 1207 testi
639 1151 705 1225 post
719 1158 775 1221 ego
788 1160 897 1224 ponam
911 1194 918 1225 ‚

222 1247 307 1323 Qudd
319 1265 433 1312 memor
445 1246 474 1310 in
493 1247 577 1311 libris
590 1247 711 1311 Francia
725 1264 841 1329 semper
853 1248 909 1313 erit
923 1273 929 1311 :

183 1356 255 1418 Plus
274 1351 520 1433 gentilhcnrincm
535 1358 705 1434 pauretunr,
722 1354 849 1431 plusque
862 1352 997 1433 pietrunr

220 1461 262 1523 Dc
281 1466 343 1523 toto
357 1474 461 1540 regno,
482 1457 525 1521 ris
539 1475 604 1522 mea
619 1458 721 1522 reddet
735 1474 816 1522 eum.

178 1566 231 1630 ille
251 1569 436 1630 maluransas
455 1571 552 1628 tantas
571 1561 621 1626 vir
638 1564 751 1644 Jcppus
765 1563 912 1643 habebat,

217 1671 353 1753 Quantis,
369 1671 394 1735 si
409 1671 498 1751 rivet,
514 1669 577 1751 ipse
591 1667 696 1732 teritus
715 1667 782 1731 erit.

177 1776 262 1856 Saepe
274 1776 441 1840 braretates
455 1772 527 1839 alias
543 1773 682 1855 perlando
701 1771 832 1850 giiahat3

216 1881 274 1944 Sed
285 1879 376 1944 Vobis
390 1877 470 1942 aliud
485 1880 553 1940 nolo
565 1879 676 1941 referre
689 1873 786 1938 modd.

174 1982 272 2047 Taedia
286 1983 362 2046 forte
375 1982 488 2059 darem,
509 1979 535 2042 si
546 1979 636 2042 Vobis
650 1981 734 2059 plura
750 1976 891 2040 referrem
904 2025 914 2056 λ

213 2083 316 2147 Dicere
331 2101 398 2162 quac
412 2081 529 2162 puduit,
548 2081 677 2145 scribere
693 2080 783 2159 J'nssit
797 2096 891 2143 amor.

173 2187 237 2249 Nan
257 2184 409 2265 sapientes
427 2191 490 2248 erat
502 2192 564 2248 tarn
578 2182 646 2248 iolia
667 2184 764 2248 dicere
784 2184 893 2261 verba,

210 2290 276 2353 Non
295 2297 357 2355 erat
376 2289 408 2354 in
429 2307 519 2354 sensu
541 2297 615 2354 tnnc
628 2290 705 2354 bene
719 2295 795 2352 testa
811 2304 876 2350 suo.

171 2393 295 2469 Quando
309 2410 383 2473 opus
397 2400 443 2457 est
461 2395 549 2473 iacto,
570 2410 630 2456 non
644 2394 743 2456 bestat
756 2389 853 2455 dicere
864 2391 973 2470 rerba,

211 2495 315 2560 Dicere
327 2508 381 2560 nec
393 2494 464 2559 satis
478 2502 535 2576 est,
550 2495 673 2559 Francia
688 2501 788 2559 nostra
810 2499 921 2557 manet.

170 2597 218 2664 Ad
231 2598 413 2681 Saroyardes
427 2598 540 2679 gayhes
557 2598 702 2678 pensabat
718 2595 827 2661 amicas
843 2619 849 2659 :

209 2702 334 2782 Propter
345 2716 511 2765 amorosarn
531 2716 611 2781 saepe
623 2701 742 2765 bateiha
756 2699 849 2763 venit.

170 2804 250 2867 Durn
273 2805 370 2868 iachat
390 2802 549 2867 Dominam
566 2801 654 2884 quis,
678 2810 751 2868 tunc
763 2819 846 2866 amor
866 2800 1023 2865 armami-

210 2902 355 2978 Quaelibet
368 2903 451 2967 iratis
467 2903 531 2986 ipse
549 2906 599 2969 dat
613 2922 695 2969 arma
713 2904 806 2968 dolor.
891 2901 1024 2987 [nistret.

169 3007 272 3089 Crede,
287 3009 371 3072 labor
381 3009 485 3071 nnDus
496 3008 618 3073 dilectos
631 3011 723 3072 lassat
736 3013 870 3072 amantes
882 3027 889 3086 ;

209 3109 314 3174 Omnia
333 3117 521 3192 supportant,
542 3112 652 3177 femina
666 3111 784 3190 quando
802 3111 908 3190 piacet.

166 3213 230 3275 Non
250 3211 329 3278 videt
343 3216 423 3279 nllus
438 3228 541 3279 amans
553 3214 644 3279 nimio
659 3221 816 3294 superatus
830 3228 933 3276 amore

204 3317 280 3417 Quid
293 3319 403 3403 deceat,
422 3319 557 3385 Dominae
575 3321 647 3384 dnm
667 3320 761 3400 piacet
775 3316 838 3398 ipse
859 3334 935 3402 sucas
