2394 4148
256 335 293 394 ta
518 350 637 394 nerunt
659 349 836 394 unruuanrsn

255 459 378 532 Quando
393 460 456 520 vult
471 458 605 522 homines
620 458 757 523 Christus
772 457 877 540 punire
892 457 1051 543 ribaldos,

293 562 393 626 Primo
406 562 465 625 illis
480 579 597 641 seusus,
619 560 834 641 ingeniumque
854 569 965 625 movet.

252 668 342 730 Posse
358 682 446 730 suum
461 672 559 728 totum
574 666 707 727 iecerunt
721 682 830 745 ponere
843 682 967 745 pacam;

290 771 441 835 Multoties
455 772 567 833 Paulus
581 771 659 849 Papa
674 768 807 850 pregavit
821 785 891 833 eum
908 792 916 833 :
1188 849 1191 853 ,

250 870 351 940 Noluit
364 875 427 956 ipse
440 884 541 938 tamen
555 873 699 954 partitum
713 875 858 954 prendere
872 891 1086 960 qrremquam;
1136 887 1156 924 ‘·

290 982 457 1044 Accendere
473 981 574 1041 rolens
589 977 773 1059 displiciehat
787 978 834 1043 ei:

249 1076 288 1147 Et
303 1091 395 1146 totam
410 1083 551 1145 Fransam
571 1083 636 1143 vult
650 1080 789 1146 estimare
799 1081 956 1165 nientum,

287 1187 416 1250 Multum
431 1184 623 1266 mesprisans,
639 1183 669 1247 in
684 1184 849 1264 reputando
863 1201 970 1266 parum
986 1209 993 1248 ;

247 1283 405 1370 Escrimat,
419 1290 510 1370 jurat,
528 1307 559 1353 se
573 1288 769 1370 desponendo
783 1291 931 1354 rebrassat
945 1309 951 1368 ;

286 1399 363 1460 Cum
377 1394 521 1459 bravitate
540 1393 593 1457 sud
608 1413 640 1458 se
653 1394 781 1460 retinere
794 1395 882 1474 iacit;

246 1497 285 1561 Et
300 1498 579 1562 caramannandum
593 1515 625 1561 se
643 1499 834 1561 corrossando
848 1499 970 1575 tuahat;

287 1602 358 1664 Plus
373 1600 462 1681 quam
477 1599 630 1681 demonio,
647 1608 722 1664 testa
735 1602 877 1664 bravabat
893 1599 930 1664 ei.

246 1703 314 1785 lpse
331 1705 440 1769 bonam
455 1712 569 1784 gestam
584 1702 844 1783 congrimassando
857 1705 996 1784 tenahat5

284 1811 411 1888 lugabat
424 1811 543 1890 rollum,
559 1808 616 1873 rita
631 1808 761 1889 ociando,
778 1826 878 1873 suum.

242 1913 351 1977 Contra
369 1915 425 1976 Vos
440 1929 579 1991 guerram
592 1914 749 1976 mortalem
761 1912 869 1992 qnaerit
881 1913 1011 1994 habere,

281 2019 356 2082 Cum
371 2017 477 2098 grandi
491 2014 567 2080 iuria
582 2018 670 2082 rerba
689 2019 840 2099 sequenda
855 2021 971 2083 bramat
988 2040 995 2081 :

239 2114 360 2186 Francia
376 2139 457 2185 nunc
470 2122 586 2185 serchat
601 2121 686 2186 uobis
700 2123 809 2187 donare
824 2121 946 2200 tangam
959 2171 966 2202 ,

281 2225 437 2290 Pensando
452 2242 570 2306 semper
584 2242 632 2290 me
646 2225 776 2307 reperire
790 2227 921 2303 honum3

241 2332 299 2403 Sed
314 2330 371 2395 sibi
384 2349 436 2413 per
451 2348 574 2411 guerras
589 2329 694 2394 faciam
709 2348 833 2411 pausare
848 2336 1056 2412 quaquetum,

281 2435 391 2498 Contra
410 2450 459 2498 me
473 2432 599 2497 nimium
614 2434 726 2511 grando
741 2433 867 2513 superba
882 2439 994 2496 manet.
1059 2512 1061 2519 Α

242 2537 274 2604 si
287 2557 401 2615 memor
415 2538 478 2622 ipsa
493 2541 569 2603 foret
585 2537 675 2618 recte,
698 2540 734 2602 de
748 2546 883 2619 tempore
894 2536 990 2618 prisco
1090 2598 1094 2605 .

280 2643 375 2717 Quam
391 2647 467 2708 bona
487 2639 591 2706 versus
604 2659 670 2705 eam
684 2641 778 2720 gratia
792 2649 893 2705 nostra
907 2639 963 2702 fnit
978 2658 984 2718 3

240 2743 305 2807 Non
320 2746 389 2824 plus
402 2750 520 2808 curaret
532 2741 618 2807 nohis
632 2745 741 2808 donare
755 2745 892 2822 labores,

278 2845 317 2909 Et
332 2862 450 2927 semper
464 2862 568 2928 pacem
581 2847 669 2911 vellet
684 2846 794 2911 habere
807 2861 915 2909 meam.

238 2946 369 3015 Ulteriits
384 2967 448 3015 seso
466 2952 616 3031 vantabat,
635 2969 709 3014 rana
722 2950 891 3030 loquendo,

278 3054 361 3131 erdd
380 3058 469 3122 Cesar
487 3074 620 3136 grassus,
636 3064 726 3136 atque
741 3063 880 3137 potentus
895 3061 968 3119 erat.

237 3160 270 3220 ln
285 3158 368 3222 libris
385 3161 421 3223 de
435 3176 484 3224 mc
498 3158 643 3239 scriptum
658 3160 792 3223 trohatur
807 3159 944 3237 abundo,

275 3258 357 3331 erdd
373 3257 513 3340 Princeps
528 3261 609 3323 solos
624 3257 716 3322 totius
731 3258 809 3321 orbis
824 3276 884 3322 ero.
