<?xml version="1.0" encoding="UTF-8"?>
<!DOCTYPE html PUBLIC "-//W3C//DTD XHTML 1.0 Transitional//EN"
    "http://www.w3.org/TR/xhtml1/DTD/xhtml1-transitional.dtd">
<html xmlns="http://www.w3.org/1999/xhtml" xml:lang="en" lang="en">
 <head>
  <title>
</title>
<meta http-equiv="Content-Type" content="text/html;charset=utf-8" />
  <meta name='ocr-system' content='tesseract 3.04.00' />
  <meta name='ocr-capabilities' content='ocr_page ocr_carea ocr_par ocr_line ocrx_word'/>
</head>
<body>
  <div class='ocr_page' id='page_1' title='image "./meygraentrepriz00bonagoog_0043.png"; bbox 0 0 2394 4148; ppageno 0'>
   <div class='ocr_carea' id='block_1_1' title="bbox 178 350 675 425">
    <p class='ocr_par' dir='ltr' id='par_1_1' title="bbox 178 350 675 425">
     <span class='ocr_line' id='line_1_1' title="bbox 178 350 675 425; baseline 0.01 -21"><span class='ocrx_word' id='word_1_1' title='bbox 178 350 195 404; x_wconf 82' lang='lat'><strong>6</strong></span> <span class='ocrx_word' id='word_1_2' title='bbox 513 365 541 408; x_wconf 83' lang='lat' dir='ltr'><strong>n.</strong></span> <span class='ocrx_word' id='word_1_3' title='bbox 564 364 675 425; x_wconf 83' lang='lat' dir='ltr'><strong>arnna,</strong></span> 
     </span>
    </p>
   </div>
   <div class='ocr_carea' id='block_1_2' title="bbox 143 473 1026 2959">
    <p class='ocr_par' dir='ltr' id='par_1_2' title="bbox 143 473 1026 2959">
     <span class='ocr_line' id='line_1_2' title="bbox 175 473 1021 558; baseline 0.006 -23"><span class='ocrx_word' id='word_1_4' title='bbox 175 473 227 536; x_wconf 92' lang='lat' dir='ltr'><strong>lati</strong></span> <span class='ocrx_word' id='word_1_5' title='bbox 236 480 306 537; x_wconf 91' lang='lat' dir='ltr'><strong>sunt</strong></span> <span class='ocrx_word' id='word_1_6' title='bbox 317 473 569 556; x_wconf 77' lang='lat' dir='ltr'><strong>christianissimi,</strong></span> <span class='ocrx_word' id='word_1_7' title='bbox 580 474 675 554; x_wconf 82' lang='lat' dir='ltr'><strong>Reges</strong></span> <span class='ocrx_word' id='word_1_8' title='bbox 689 476 725 539; x_wconf 90' lang='lat' dir='ltr'><strong>de</strong></span> <span class='ocrx_word' id='word_1_9' title='bbox 736 475 870 558; x_wconf 83' lang='lat' dir='ltr'><strong>Francia,</strong></span> <span class='ocrx_word' id='word_1_10' title='bbox 881 483 911 540; x_wconf 89' lang='lat' dir='ltr'><strong>et</strong></span> <span class='ocrx_word' id='word_1_11' title='bbox 921 476 1021 540; x_wconf 92' lang='lat' dir='ltr'><strong>omni-</strong></span> 
     </span>
     <span class='ocr_line' id='line_1_3' title="bbox 174 577 1021 660; baseline 0.008 -21"><span class='ocrx_word' id='word_1_12' title='bbox 174 577 230 640; x_wconf 87' lang='lat' dir='ltr'><strong>bus</strong></span> <span class='ocrx_word' id='word_1_13' title='bbox 241 577 372 658; x_wconf 83' lang='lat' dir='ltr'><strong>Regibus</strong></span> <span class='ocrx_word' id='word_1_14' title='bbox 385 579 416 641; x_wconf 91' lang='lat' dir='ltr'><strong>in</strong></span> <span class='ocrx_word' id='word_1_15' title='bbox 430 577 591 642; x_wconf 88' lang='lat' dir='ltr'><strong>honoribus</strong></span> <span class='ocrx_word' id='word_1_16' title='bbox 606 580 818 660; x_wconf 85' lang='lat' dir='ltr'><strong>praeleruntur,</strong></span> <span class='ocrx_word' id='word_1_17' title='bbox 833 587 863 644; x_wconf 89' lang='lat' dir='ltr'><strong>et</strong></span> <span class='ocrx_word' id='word_1_18' title='bbox 876 578 1021 655; x_wconf 85' lang='lat' dir='ltr'><strong>miracula</strong></span> 
     </span>
     <span class='ocr_line' id='line_1_4' title="bbox 174 679 1020 762; baseline 0.004 -17"><span class='ocrx_word' id='word_1_19' title='bbox 174 679 317 745; x_wconf 85' lang='lat' dir='ltr'><strong>evidentia</strong></span> <span class='ocrx_word' id='word_1_20' title='bbox 331 681 461 762; x_wconf 82' lang='lat' dir='ltr'><strong>iaciunt3</strong></span> <span class='ocrx_word' id='word_1_21' title='bbox 485 701 554 746; x_wconf 91' lang='lat' dir='ltr'><strong>nam</strong></span> <span class='ocrx_word' id='word_1_22' title='bbox 567 685 628 747; x_wconf 93' lang='lat' dir='ltr'><strong>solo</strong></span> <span class='ocrx_word' id='word_1_23' title='bbox 642 690 723 747; x_wconf 88' lang='lat' dir='ltr'><strong>tactu</strong></span> <span class='ocrx_word' id='word_1_24' title='bbox 735 681 896 762; x_wconf 80' lang='lat' dir='ltr'><strong>digitorum</strong></span> <span class='ocrx_word' id='word_1_25' title='bbox 909 691 1020 748; x_wconf 89' lang='lat' dir='ltr'><strong>sanant</strong></span> 
     </span>
     <span class='ocr_line' id='line_1_5' title="bbox 173 790 1023 873; baseline 0.005 -21"><span class='ocrx_word' id='word_1_26' title='bbox 173 790 308 854; x_wconf 90' lang='lat' dir='ltr'><strong>detentos</strong></span> <span class='ocrx_word' id='word_1_27' title='bbox 322 793 424 855; x_wconf 86' lang='lat' dir='ltr'><strong>morbo</strong></span> <span class='ocrx_word' id='word_1_28' title='bbox 434 793 668 872; x_wconf 84' lang='lat' dir='ltr'><strong>scrophularum,</strong></span> <span class='ocrx_word' id='word_1_29' title='bbox 682 791 761 871; x_wconf 85' lang='lat' dir='ltr'><strong>quod</strong></span> <span class='ocrx_word' id='word_1_30' title='bbox 771 809 830 854; x_wconf 94' lang='lat' dir='ltr'><strong>non</strong></span> <span class='ocrx_word' id='word_1_31' title='bbox 841 800 967 873; x_wconf 91' lang='lat' dir='ltr'><strong>possunt</strong></span> <span class='ocrx_word' id='word_1_32' title='bbox 974 793 1023 857; x_wconf 78' lang='lat' dir='ltr'><strong>ia·-</strong></span> 
     </span>
     <span class='ocr_line' id='line_1_6' title="bbox 176 892 1017 980; baseline 0.006 -23"><span class='ocrx_word' id='word_1_33' title='bbox 176 910 241 957; x_wconf 92' lang='lat' dir='ltr'><strong>cere</strong></span> <span class='ocrx_word' id='word_1_34' title='bbox 254 892 353 958; x_wconf 81' lang='lat' dir='ltr'><strong>caeteri</strong></span> <span class='ocrx_word' id='word_1_35' title='bbox 363 896 470 976; x_wconf 85' lang='lat' dir='ltr'><strong>Reges,</strong></span> <span class='ocrx_word' id='word_1_36' title='bbox 483 902 517 957; x_wconf 87' lang='lat' dir='ltr'><strong>ut</strong></span> <span class='ocrx_word' id='word_1_37' title='bbox 527 894 624 974; x_wconf 86' lang='lat' dir='ltr'><strong>inquit</strong></span> <span class='ocrx_word' id='word_1_38' title='bbox 638 894 729 958; x_wconf 83' lang='lat' dir='ltr'><strong>naun</strong></span> <span class='ocrx_word' id='word_1_39' title='bbox 737 913 878 959; x_wconf 81' lang='lat' dir='ltr'><strong>cxxxxvii</strong></span> <span class='ocrx_word' id='word_1_40' title='bbox 886 898 1017 980; x_wconf 85' lang='lat' dir='ltr'><strong>Psalmo,</strong></span> 
     </span>
     <span class='ocr_line' id='line_1_7' title="bbox 174 996 1020 1083; baseline 0.008 -23"><span class='ocrx_word' id='word_1_41' title='bbox 174 1001 243 1061; x_wconf 86' lang='lat' dir='ltr'><strong>Noa</strong></span> <span class='ocrx_word' id='word_1_42' title='bbox 256 996 331 1080; x_wconf 82' lang='lat' dir='ltr'><strong>fecit</strong></span> <span class='ocrx_word' id='word_1_43' title='bbox 344 1001 454 1063; x_wconf 83' lang='lat' dir='ltr'><strong>taliter</strong></span> <span class='ocrx_word' id='word_1_44' title='bbox 465 1002 550 1063; x_wconf 85' lang='lat' dir='ltr'><strong>omui</strong></span> <span class='ocrx_word' id='word_1_45' title='bbox 560 1001 703 1062; x_wconf 83' lang='lat' dir='ltr'><strong>notioni:</strong></span> <span class='ocrx_word' id='word_1_46' title='bbox 720 1005 750 1064; x_wconf 87' lang='lat' dir='ltr'><strong>et</strong></span> <span class='ocrx_word' id='word_1_47' title='bbox 763 1007 882 1065; x_wconf 82' lang='lat' dir='ltr'><strong>orantes</strong></span> <span class='ocrx_word' id='word_1_48' title='bbox 896 1019 949 1083; x_wconf 90' lang='lat' dir='ltr'><strong>pro</strong></span> <span class='ocrx_word' id='word_1_49' title='bbox 969 1021 1020 1067; x_wconf 92' lang='lat' dir='ltr'><strong>sa-</strong></span> 
     </span>
     <span class='ocr_line' id='line_1_8' title="bbox 175 1101 1020 1184; baseline 0.005 -20"><span class='ocrx_word' id='word_1_50' title='bbox 175 1104 238 1166; x_wconf 90' lang='lat' dir='ltr'><strong>lute</strong></span> <span class='ocrx_word' id='word_1_51' title='bbox 247 1109 277 1166; x_wconf 91' lang='lat' dir='ltr'><strong>et</strong></span> <span class='ocrx_word' id='word_1_52' title='bbox 289 1119 359 1184; x_wconf 89' lang='lat' dir='ltr'><strong>pace</strong></span> <span class='ocrx_word' id='word_1_53' title='bbox 368 1101 457 1181; x_wconf 87' lang='lat' dir='ltr'><strong>Regis</strong></span> <span class='ocrx_word' id='word_1_54' title='bbox 469 1101 610 1183; x_wconf 84' lang='lat' dir='ltr'><strong>Franciae,</strong></span> <span class='ocrx_word' id='word_1_55' title='bbox 620 1119 756 1184; x_wconf 90' lang='lat' dir='ltr'><strong>magnas,</strong></span> <span class='ocrx_word' id='word_1_56' title='bbox 767 1103 930 1167; x_wconf 88' lang='lat' dir='ltr'><strong>seeundum</strong></span> <span class='ocrx_word' id='word_1_57' title='bbox 942 1104 1020 1168; x_wconf 88' lang='lat' dir='ltr'><strong>Rea-</strong></span> 
     </span>
     <span class='ocr_line' id='line_1_9' title="bbox 175 1204 1017 1286; baseline 0.005 -19"><span class='ocrx_word' id='word_1_58' title='bbox 175 1212 239 1267; x_wconf 86' lang='lat' dir='ltr'><strong>tum</strong></span> <span class='ocrx_word' id='word_1_59' title='bbox 253 1206 437 1270; x_wconf 83' lang='lat' dir='ltr'><strong>Thomamin</strong></span> <span class='ocrx_word' id='word_1_60' title='bbox 452 1213 557 1286; x_wconf 85' lang='lat' dir='ltr'><strong>quarto</strong></span> <span class='ocrx_word' id='word_1_61' title='bbox 567 1206 798 1280; x_wconf 86' lang='lat' dir='ltr'><strong>Sententiarum,</strong></span> <span class='ocrx_word' id='word_1_62' title='bbox 813 1204 1017 1286; x_wconf 83' lang='lat' dir='ltr'><strong>indulgentias</strong></span> 
     </span>
     <span class='ocr_line' id='line_1_10' title="bbox 174 1306 1022 1389; baseline 0.005 -19"><span class='ocrx_word' id='word_1_63' title='bbox 174 1316 406 1387; x_wconf 67' lang='lat' dir='ltr'><strong>consequentum</strong></span> <span class='ocrx_word' id='word_1_64' title='bbox 423 1315 453 1372; x_wconf 90' lang='lat' dir='ltr'><strong>et</strong></span> <span class='ocrx_word' id='word_1_65' title='bbox 467 1307 520 1389; x_wconf 88' lang='lat' dir='ltr'><strong>qui</strong></span> <span class='ocrx_word' id='word_1_66' title='bbox 527 1314 629 1372; x_wconf 91' lang='lat' dir='ltr'><strong>contra</strong></span> <span class='ocrx_word' id='word_1_67' title='bbox 640 1309 753 1387; x_wconf 89' lang='lat' dir='ltr'><strong>Regem</strong></span> <span class='ocrx_word' id='word_1_68' title='bbox 761 1306 892 1372; x_wconf 76' lang='lat' dir='ltr'><strong>Franeiae</strong></span> <span class='ocrx_word' id='word_1_69' title='bbox 903 1307 1022 1387; x_wconf 78' lang='lat' dir='ltr'><strong>injuste</strong></span> 
     </span>
     <span class='ocr_line' id='line_1_11' title="bbox 172 1411 1026 1495; baseline -0.001 -20"><span class='ocrx_word' id='word_1_70' title='bbox 172 1412 248 1475; x_wconf 88' lang='lat' dir='ltr'><strong>bella</strong></span> <span class='ocrx_word' id='word_1_71' title='bbox 263 1420 404 1492; x_wconf 89' lang='lat' dir='ltr'><strong>movent,</strong></span> <span class='ocrx_word' id='word_1_72' title='bbox 429 1418 500 1476; x_wconf 88' lang='lat' dir='ltr'><strong>sunt</strong></span> <span class='ocrx_word' id='word_1_73' title='bbox 522 1411 788 1478; x_wconf 84' lang='lat' dir='ltr'><strong>excommunicati:</strong></span> <span class='ocrx_word' id='word_1_74' title='bbox 811 1420 840 1477; x_wconf 91' lang='lat' dir='ltr'><strong>et</strong></span> <span class='ocrx_word' id='word_1_75' title='bbox 863 1413 927 1495; x_wconf 93' lang='lat' dir='ltr'><strong>ipse</strong></span> <span class='ocrx_word' id='word_1_76' title='bbox 949 1415 1026 1479; x_wconf 87' lang='lat' dir='ltr'><strong>Rex.</strong></span> 
     </span>
     <span class='ocr_line' id='line_1_12' title="bbox 172 1515 1016 1598; baseline -0.001 -20"><span class='ocrx_word' id='word_1_77' title='bbox 172 1515 303 1581; x_wconf 80' lang='lat' dir='ltr'><strong>Franciae</strong></span> <span class='ocrx_word' id='word_1_78' title='bbox 321 1534 380 1581; x_wconf 93' lang='lat' dir='ltr'><strong>non</strong></span> <span class='ocrx_word' id='word_1_79' title='bbox 395 1524 492 1598; x_wconf 88' lang='lat' dir='ltr'><strong>potest</strong></span> <span class='ocrx_word' id='word_1_80' title='bbox 505 1515 770 1598; x_wconf 85' lang='lat' dir='ltr'><strong>excommunicari,</strong></span> <span class='ocrx_word' id='word_1_81' title='bbox 786 1516 946 1597; x_wconf 82' lang='lat' dir='ltr'><strong>minisque</strong></span> <span class='ocrx_word' id='word_1_82' title='bbox 957 1535 1016 1581; x_wconf 67' lang='lat' dir='ltr'><strong>en-,</strong></span> 
     </span>
     <span class='ocr_line' id='line_1_13' title="bbox 171 1619 1015 1709; baseline 0.001 -25"><span class='ocrx_word' id='word_1_83' title='bbox 171 1621 406 1686; x_wconf 86' lang='lat' dir='ltr'><strong>communicatus</strong></span> <span class='ocrx_word' id='word_1_84' title='bbox 422 1621 580 1687; x_wconf 87' lang='lat' dir='ltr'><strong>declarari:</strong></span> <span class='ocrx_word' id='word_1_85' title='bbox 604 1630 633 1688; x_wconf 90' lang='lat' dir='ltr'><strong>et</strong></span> <span class='ocrx_word' id='word_1_86' title='bbox 656 1621 688 1685; x_wconf 96' lang='lat' dir='ltr'><strong>in</strong></span> <span class='ocrx_word' id='word_1_87' title='bbox 702 1639 794 1702; x_wconf 91' lang='lat' dir='ltr'><strong>regno</strong></span> <span class='ocrx_word' id='word_1_88' title='bbox 814 1639 867 1684; x_wconf 93' lang='lat' dir='ltr'><strong>suo</strong></span> <span class='ocrx_word' id='word_1_89' title='bbox 887 1619 1015 1709; x_wconf 87' lang='lat' dir='ltr'><strong>interdi-</strong></span> 
     </span>
     <span class='ocr_line' id='line_1_14' title="bbox 170 1725 1015 1809; baseline 0 -20"><span class='ocrx_word' id='word_1_90' title='bbox 170 1732 252 1789; x_wconf 91' lang='lat' dir='ltr'><strong>ctum</strong></span> <span class='ocrx_word' id='word_1_91' title='bbox 264 1729 400 1806; x_wconf 87' lang='lat' dir='ltr'><strong>generale</strong></span> <span class='ocrx_word' id='word_1_92' title='bbox 409 1746 468 1792; x_wconf 94' lang='lat' dir='ltr'><strong>non</strong></span> <span class='ocrx_word' id='word_1_93' title='bbox 478 1735 575 1809; x_wconf 88' lang='lat' dir='ltr'><strong>potest</strong></span> <span class='ocrx_word' id='word_1_94' title='bbox 587 1727 662 1808; x_wconf 84' lang='lat' dir='ltr'><strong>fieri,</strong></span> <span class='ocrx_word' id='word_1_95' title='bbox 674 1726 737 1791; x_wconf 92' lang='lat' dir='ltr'><strong>sine</strong></span> <span class='ocrx_word' id='word_1_96' title='bbox 749 1725 866 1808; x_wconf 89' lang='lat' dir='ltr'><strong>speciali</strong></span> <span class='ocrx_word' id='word_1_97' title='bbox 874 1727 1015 1790; x_wconf 86' lang='lat' dir='ltr'><strong>mandato</strong></span> 
     </span>
     <span class='ocr_line' id='line_1_15' title="bbox 170 1830 1014 1913; baseline 0 -19"><span class='ocrx_word' id='word_1_98' title='bbox 170 1831 258 1912; x_wconf 80' lang='lat' dir='ltr'><strong>Papae</strong></span> <span class='ocrx_word' id='word_1_99' title='bbox 270 1854 276 1895; x_wconf 93' lang='lat'>:</span> <span class='ocrx_word' id='word_1_100' title='bbox 290 1849 345 1898; x_wconf 91' lang='lat' dir='ltr'><strong>nec</strong></span> <span class='ocrx_word' id='word_1_101' title='bbox 364 1830 409 1896; x_wconf 93' lang='lat' dir='ltr'><strong>sui</strong></span> <span class='ocrx_word' id='word_1_102' title='bbox 421 1832 558 1895; x_wconf 84' lang='lat' dir='ltr'><strong>officiales</strong></span> <span class='ocrx_word' id='word_1_103' title='bbox 572 1830 656 1909; x_wconf 89' lang='lat' dir='ltr'><strong>regii,</strong></span> <span class='ocrx_word' id='word_1_104' title='bbox 670 1837 704 1892; x_wconf 89' lang='lat' dir='ltr'><strong>ut</strong></span> <span class='ocrx_word' id='word_1_105' title='bbox 719 1848 772 1893; x_wconf 94' lang='lat' dir='ltr'><strong>nos</strong></span> <span class='ocrx_word' id='word_1_106' title='bbox 788 1830 901 1909; x_wconf 88' lang='lat' dir='ltr'><strong>judiees</strong></span> <span class='ocrx_word' id='word_1_107' title='bbox 916 1830 991 1910; x_wconf 88' lang='lat' dir='ltr'><strong>regii</strong></span> <span class='ocrx_word' id='word_1_108' title='bbox 1004 1881 1014 1913; x_wconf 90' lang='lat'><strong>,</strong></span> 
     </span>
     <span class='ocr_line' id='line_1_16' title="bbox 172 1933 1017 2012; baseline 0.001 -14"><span class='ocrx_word' id='word_1_109' title='bbox 172 1941 242 1998; x_wconf 89' lang='lat' dir='ltr'><strong>sunt</strong></span> <span class='ocrx_word' id='word_1_110' title='bbox 265 1933 513 1999; x_wconf 84' lang='lat' dir='ltr'><strong>excommunicati</strong></span> <span class='ocrx_word' id='word_1_111' title='bbox 528 1983 534 2012; x_wconf 88' lang='lat'>‚</span> <span class='ocrx_word' id='word_1_112' title='bbox 551 1950 605 1996; x_wconf 89' lang='lat' dir='ltr'><strong>nec</strong></span> <span class='ocrx_word' id='word_1_113' title='bbox 625 1939 750 2012; x_wconf 89' lang='lat' dir='ltr'><strong>possunt</strong></span> <span class='ocrx_word' id='word_1_114' title='bbox 764 1935 1017 2001; x_wconf 85' lang='lat' dir='ltr'><strong>excommunicari</strong></span> 
     </span>
     <span class='ocr_line' id='line_1_17' title="bbox 171 2033 1014 2120; baseline 0.006 -20"><span class='ocrx_word' id='word_1_115' title='bbox 171 2056 225 2120; x_wconf 94' lang='lat' dir='ltr'><strong>pro</strong></span> <span class='ocrx_word' id='word_1_116' title='bbox 234 2044 300 2101; x_wconf 92' lang='lat' dir='ltr'><strong>actu</strong></span> <span class='ocrx_word' id='word_1_117' title='bbox 314 2044 343 2101; x_wconf 91' lang='lat' dir='ltr'><strong>et</strong></span> <span class='ocrx_word' id='word_1_118' title='bbox 353 2034 491 2100; x_wconf 83' lang='lat' dir='ltr'><strong>exercitio</strong></span> <span class='ocrx_word' id='word_1_119' title='bbox 499 2033 709 2114; x_wconf 75' lang='lat' dir='ltr'><strong>iurisdictionis</strong></span> <span class='ocrx_word' id='word_1_120' title='bbox 721 2037 890 2119; x_wconf 88' lang='lat' dir='ltr'><strong>temporalis</strong></span> <span class='ocrx_word' id='word_1_121' title='bbox 902 2060 909 2118; x_wconf 83' lang='lat'><em>3</em></span> <span class='ocrx_word' id='word_1_122' title='bbox 922 2047 955 2103; x_wconf 92' lang='lat' dir='ltr'><strong>ut</strong></span> <span class='ocrx_word' id='word_1_123' title='bbox 968 2048 1014 2105; x_wconf 87' lang='lat' dir='ltr'><strong>est</strong></span> 
     </span>
     <span class='ocr_line' id='line_1_18' title="bbox 170 2136 1012 2224; baseline 0.004 -19"><span class='ocrx_word' id='word_1_124' title='bbox 170 2136 371 2222; x_wconf 78' lang='lat' dir='ltr'><strong>copiosissime</strong></span> <span class='ocrx_word' id='word_1_125' title='bbox 385 2156 437 2219; x_wconf 86' lang='lat' dir='ltr'><strong>por</strong></span> <span class='ocrx_word' id='word_1_126' title='bbox 457 2138 648 2218; x_wconf 83' lang='lat' dir='ltr'><strong>spectabilem</strong></span> <span class='ocrx_word' id='word_1_127' title='bbox 661 2146 691 2203; x_wconf 87' lang='lat' dir='ltr'><strong>et</strong></span> <span class='ocrx_word' id='word_1_128' title='bbox 712 2140 866 2220; x_wconf 85' lang='lat' dir='ltr'><strong>egregium</strong></span> <span class='ocrx_word' id='word_1_129' title='bbox 890 2143 1012 2224; x_wconf 87' lang='lat' dir='ltr'><strong>Capita-</strong></span> 
     </span>
     <span class='ocr_line' id='line_1_19' title="bbox 171 2241 1013 2324; baseline 0.002 -15"><span class='ocrx_word' id='word_1_130' title='bbox 171 2261 261 2309; x_wconf 89' lang='lat' dir='ltr'><strong>neum</strong></span> <span class='ocrx_word' id='word_1_131' title='bbox 275 2241 355 2307; x_wconf 86' lang='lat' dir='ltr'><strong>luris</strong></span> <span class='ocrx_word' id='word_1_132' title='bbox 370 2241 562 2324; x_wconf 87' lang='lat' dir='ltr'><strong>interpretem</strong></span> <span class='ocrx_word' id='word_1_133' title='bbox 579 2242 739 2307; x_wconf 84' lang='lat' dir='ltr'><strong>Dominum</strong></span> <span class='ocrx_word' id='word_1_134' title='bbox 762 2246 1013 2317; x_wconf 78' lang='lat' dir='ltr'><strong>Bartholomaeum</strong></span> 
     </span>
     <span class='ocr_line' id='line_1_20' title="bbox 170 2348 1012 2431; baseline 0 -17"><span class='ocrx_word' id='word_1_135' title='bbox 170 2349 514 2414; x_wconf 81' lang='lat' dir='ltr'><strong>Achassaneumnostrae</strong></span> <span class='ocrx_word' id='word_1_136' title='bbox 527 2348 689 2415; x_wconf 86' lang='lat' dir='ltr'><strong>Provinciae</strong></span> <span class='ocrx_word' id='word_1_137' title='bbox 710 2350 881 2431; x_wconf 89' lang='lat' dir='ltr'><strong>Praesidem,</strong></span> <span class='ocrx_word' id='word_1_138' title='bbox 904 2350 935 2414; x_wconf 92' lang='lat' dir='ltr'><strong>in</strong></span> <span class='ocrx_word' id='word_1_139' title='bbox 957 2369 1012 2414; x_wconf 86' lang='lat' dir='ltr'><strong>suo</strong></span> 
     </span>
     <span class='ocr_line' id='line_1_21' title="bbox 170 2451 1012 2538; baseline 0.001 -19"><span class='ocrx_word' id='word_1_140' title='bbox 170 2456 302 2533; x_wconf 85' lang='lat' dir='ltr'><strong>catologo</strong></span> <span class='ocrx_word' id='word_1_141' title='bbox 314 2451 416 2533; x_wconf 83' lang='lat' dir='ltr'><strong>gloriae</strong></span> <span class='ocrx_word' id='word_1_142' title='bbox 429 2453 544 2535; x_wconf 90' lang='lat' dir='ltr'><strong>mundi,</strong></span> <span class='ocrx_word' id='word_1_143' title='bbox 559 2452 589 2515; x_wconf 96' lang='lat' dir='ltr'><strong>in</strong></span> <span class='ocrx_word' id='word_1_144' title='bbox 602 2452 706 2533; x_wconf 77' lang='lat' dir='ltr'><strong>quinti</strong></span> <span class='ocrx_word' id='word_1_145' title='bbox 722 2462 825 2538; x_wconf 87' lang='lat' dir='ltr'><strong>parte,</strong></span> <span class='ocrx_word' id='word_1_146' title='bbox 841 2455 1012 2521; x_wconf 86' lang='lat' dir='ltr'><strong>considera-</strong></span> 
     </span>
     <span class='ocr_line' id='line_1_22' title="bbox 143 2557 1011 2648; baseline 0.001 -26"><span class='ocrx_word' id='word_1_147' title='bbox 143 2637 147 2648; x_wconf 21' lang='lat'><em>*</em></span> <span class='ocrx_word' id='word_1_148' title='bbox 167 2557 247 2623; x_wconf 88' lang='lat' dir='ltr'><strong>tione</strong></span> <span class='ocrx_word' id='word_1_149' title='bbox 258 2557 407 2638; x_wconf 81' lang='lat' dir='ltr'><strong>trigesimi</strong></span> <span class='ocrx_word' id='word_1_150' title='bbox 417 2565 447 2622; x_wconf 88' lang='lat' dir='ltr'><strong>et</strong></span> <span class='ocrx_word' id='word_1_151' title='bbox 459 2557 664 2639; x_wconf 85' lang='lat' dir='ltr'><strong>sequentibus,</strong></span> <span class='ocrx_word' id='word_1_152' title='bbox 679 2557 729 2621; x_wconf 85' lang='lat' dir='ltr'><strong>ubi</strong></span> <span class='ocrx_word' id='word_1_153' title='bbox 743 2562 829 2640; x_wconf 90' lang='lat' dir='ltr'><strong>plura</strong></span> <span class='ocrx_word' id='word_1_154' title='bbox 848 2559 932 2626; x_wconf 87' lang='lat' dir='ltr'><strong>utilia</strong></span> <span class='ocrx_word' id='word_1_155' title='bbox 946 2581 953 2639; x_wconf 89' lang='lat'>;</span> <span class='ocrx_word' id='word_1_156' title='bbox 980 2567 1011 2625; x_wconf 86' lang='lat' dir='ltr'><strong>et</strong></span> 
     </span>
     <span class='ocr_line' id='line_1_23' title="bbox 168 2661 1010 2746; baseline -0.001 -18"><span class='ocrx_word' id='word_1_157' title='bbox 168 2682 221 2746; x_wconf 92' lang='lat' dir='ltr'><strong>per</strong></span> <span class='ocrx_word' id='word_1_158' title='bbox 238 2665 453 2745; x_wconf 80' lang='lat' dir='ltr'><strong>Praeoeptorem</strong></span> <span class='ocrx_word' id='word_1_159' title='bbox 476 2679 576 2727; x_wconf 92' lang='lat' dir='ltr'><strong>meum</strong></span> <span class='ocrx_word' id='word_1_160' title='bbox 593 2661 752 2727; x_wconf 86' lang='lat' dir='ltr'><strong>Dominum</strong></span> <span class='ocrx_word' id='word_1_161' title='bbox 765 2663 959 2729; x_wconf 85' lang='lat' dir='ltr'><strong>Benedictum</strong></span> <span class='ocrx_word' id='word_1_162' title='bbox 978 2665 1010 2728; x_wconf 91' lang='lat' dir='ltr'><strong>in</strong></span> 
     </span>
     <span class='ocr_line' id='line_1_24' title="bbox 168 2766 1011 2852; baseline -0.004 -18"><span class='ocrx_word' id='word_1_163' title='bbox 168 2787 231 2850; x_wconf 86' lang='lat' dir='ltr'><strong>cap.</strong></span> <span class='ocrx_word' id='word_1_164' title='bbox 246 2769 449 2852; x_wconf 74' lang='lat' dir='ltr'><strong>Rapoueiue*.</strong></span> <span class='ocrx_word' id='word_1_165' title='bbox 463 2768 568 2832; x_wconf 82' lang='lat' dir='ltr'><strong>Extra.</strong></span> <span class='ocrx_word' id='word_1_166' title='bbox 581 2769 620 2831; x_wconf 84' lang='lat' dir='ltr'><strong>dc</strong></span> <span class='ocrx_word' id='word_1_167' title='bbox 638 2770 720 2832; x_wconf 83' lang='lat' dir='ltr'><strong>Tort.</strong></span> <span class='ocrx_word' id='word_1_168' title='bbox 733 2766 765 2831; x_wconf 93' lang='lat' dir='ltr'><strong>in</strong></span> <span class='ocrx_word' id='word_1_169' title='bbox 779 2770 868 2832; x_wconf 86' lang='lat' dir='ltr'><strong>verbo</strong></span> <span class='ocrx_word' id='word_1_170' title='bbox 885 2768 923 2830; x_wconf 85' lang='lat' dir='ltr'><strong>Si</strong></span> <span class='ocrx_word' id='word_1_171' title='bbox 940 2769 1011 2833; x_wconf 79' lang='lat' dir='ltr'><strong>aba·</strong></span> 
     </span>
     <span class='ocr_line' id='line_1_25' title="bbox 169 2872 1010 2959; baseline -0.001 -22"><span class='ocrx_word' id='word_1_172' title='bbox 169 2893 227 2959; x_wconf 78' lang='lat' dir='ltr'><strong>que</strong></span> <span class='ocrx_word' id='word_1_173' title='bbox 242 2874 359 2938; x_wconf 80' lang='lat' dir='ltr'><strong>tiberio.</strong></span> <span class='ocrx_word' id='word_1_174' title='bbox 383 2873 423 2938; x_wconf 79' lang='lat' dir='ltr'><strong>tlt</strong></span> <span class='ocrx_word' id='word_1_175' title='bbox 435 2874 505 2940; x_wconf 88' lang='lat' dir='ltr'><strong>lieet</strong></span> <span class='ocrx_word' id='word_1_176' title='bbox 517 2875 679 2956; x_wconf 84' lang='lat' dir='ltr'><strong>Imperator</strong></span> <span class='ocrx_word' id='word_1_177' title='bbox 697 2873 736 2938; x_wconf 87' lang='lat' dir='ltr'><strong>sit</strong></span> <span class='ocrx_word' id='word_1_178' title='bbox 749 2872 892 2937; x_wconf 86' lang='lat' dir='ltr'><strong>Dominus</strong></span> <span class='ocrx_word' id='word_1_179' title='bbox 906 2872 1010 2954; x_wconf 91' lang='lat' dir='ltr'><strong>populi</strong></span> 
     </span>
    </p>
   </div>
   <div class='ocr_carea' id='block_1_3' title="bbox 166 3104 1033 3393">
    <p class='ocr_par' dir='ltr' id='par_1_3' title="bbox 166 3104 1033 3393">
     <span class='ocr_line' id='line_1_26' title="bbox 201 3104 1007 3182; baseline 0 -20"><span class='ocrx_word' id='word_1_180' title='bbox 201 3104 298 3162; x_wconf 78' lang='lat' dir='ltr'><strong>&#39;‘Cette</strong></span> <span class='ocrx_word' id='word_1_181' title='bbox 305 3105 384 3162; x_wconf 83' lang='lat' dir='ltr'><strong>citati</strong></span> <span class='ocrx_word' id='word_1_182' title='bbox 388 3125 424 3161; x_wconf 93' lang='lat' dir='ltr'><strong>on</strong></span> <span class='ocrx_word' id='word_1_183' title='bbox 434 3119 474 3163; x_wconf 84' lang='lat' dir='ltr'><strong>est</strong></span> <span class='ocrx_word' id='word_1_184' title='bbox 484 3108 582 3164; x_wconf 75' lang='lat' dir='ltr'><strong>faucae.</strong></span> <span class='ocrx_word' id='word_1_185' title='bbox 590 3109 630 3163; x_wconf 86' lang='lat' dir='ltr'><strong>Le</strong></span> <span class='ocrx_word' id='word_1_186' title='bbox 636 3105 763 3178; x_wconf 83' lang='lat' dir='ltr'><strong>chapitre</strong></span> <span class='ocrx_word' id='word_1_187' title='bbox 772 3105 1007 3182; x_wconf 81' lang='lat' dir='ltr'><strong>Raynuce&#39;usn&#39;est</strong></span> 
     </span>
     <span class='ocr_line' id='line_1_27' title="bbox 167 3175 1004 3248; baseline -0.004 -12"><span class='ocrx_word' id='word_1_188' title='bbox 167 3175 249 3248; x_wconf 80' lang='lat' dir='ltr'><strong>point</strong></span> <span class='ocrx_word' id='word_1_189' title='bbox 259 3178 329 3233; x_wconf 79' lang='lat' dir='ltr'><strong>dans</strong></span> <span class='ocrx_word' id='word_1_190' title='bbox 339 3177 377 3234; x_wconf 85' lang='lat' dir='ltr'><strong>lea</strong></span> <span class='ocrx_word' id='word_1_191' title='bbox 388 3178 637 3245; x_wconf 74' lang='lat' dir='ltr'><strong>Exrnnvaoanres3</strong></span> <span class='ocrx_word' id='word_1_192' title='bbox 656 3178 726 3233; x_wconf 84' lang='lat' dir='ltr'><strong>mais</strong></span> <span class='ocrx_word' id='word_1_193' title='bbox 736 3198 772 3233; x_wconf 93' lang='lat' dir='ltr'><strong>au</strong></span> <span class='ocrx_word' id='word_1_194' title='bbox 785 3179 925 3235; x_wconf 74' lang='lat' dir='ltr'><strong>troisiime</strong></span> <span class='ocrx_word' id='word_1_195' title='bbox 934 3176 1004 3234; x_wconf 86' lang='lat' dir='ltr'><strong>livre</strong></span> 
     </span>
     <span class='ocr_line' id='line_1_28' title="bbox 167 3248 1033 3324; baseline 0.002 -18"><span class='ocrx_word' id='word_1_196' title='bbox 167 3248 216 3306; x_wconf 80' lang='lat' dir='ltr'><strong>des</strong></span> <span class='ocrx_word' id='word_1_197' title='bbox 232 3248 415 3317; x_wconf 74' lang='lat' dir='ltr'><strong>Dicnnranss,</strong></span> <span class='ocrx_word' id='word_1_198' title='bbox 438 3249 482 3307; x_wconf 87' lang='lat' dir='ltr'><strong>tit.</strong></span> <span class='ocrx_word' id='word_1_199' title='bbox 504 3251 582 3324; x_wconf 81' lang='lat' dir='ltr'><strong>xxvj.</strong></span> <span class='ocrx_word' id='word_1_200' title='bbox 605 3250 640 3306; x_wconf 86' lang='lat' dir='ltr'><strong>dc</strong></span> <span class='ocrx_word' id='word_1_201' title='bbox 655 3254 837 3306; x_wconf 81' lang='lat' dir='ltr'><strong>Testamentis</strong></span> <span class='ocrx_word' id='word_1_202' title='bbox 856 3260 882 3306; x_wconf 86' lang='lat' dir='ltr'><strong>et</strong></span> <span class='ocrx_word' id='word_1_203' title='bbox 901 3251 1007 3308; x_wconf 66' lang='lat' dir='ltr'><strong>ultimis</strong></span> <span class='ocrx_word' id='word_1_204' title='bbox 1031 3289 1033 3294; x_wconf 85' lang='lat'><em>.</em></span> 
     </span>
     <span class='ocr_line' id='line_1_29' title="bbox 166 3320 516 3393; baseline 0 -15"><span class='ocrx_word' id='word_1_205' title='bbox 166 3321 364 3391; x_wconf 79' lang='lat' dir='ltr'><strong>voluntatibus,</strong></span> <span class='ocrx_word' id='word_1_206' title='bbox 376 3320 459 3393; x_wconf 81' lang='lat' dir='ltr'><strong>chap‚</strong></span> <span class='ocrx_word' id='word_1_207' title='bbox 476 3321 516 3378; x_wconf 81' lang='lat'><strong>16.</strong></span> 
     </span>
    </p>
   </div>
   <div class='ocr_carea' id='block_1_4' title="bbox 0 0 1202 4148">
    <p class='ocr_par' dir='ltr' id='par_1_4' title="bbox 0 0 1202 4148">
     <span class='ocr_line' id='line_1_30' title="bbox 0 0 1202 4148; baseline 0 3"><span class='ocrx_word' id='word_1_208' title='bbox 0 0 1202 4148; x_wconf 95' lang='lat' dir='ltr'><strong> </strong></span> 
     </span>
    </p>
   </div>
  </div>
 </body>
</html>
