2394 4148
181 393 218 450 ut
444 405 564 450 urruar
586 404 763 450 uurrrrarsa

181 518 306 596 Propter
319 517 505 596 despectum,
521 531 553 577 se
567 513 749 594 desperando
762 515 790 577 la
804 520 944 598 testam,

220 623 326 700 Iraque
345 622 402 684 sub
415 638 506 701 praru
520 624 639 700 pectore
653 620 773 685 arebbat
787 637 879 704 eum,

179 730 263 808 Saepe
277 725 473 791 columbarius
487 731 634 790 trauratos
646 725 804 805 assegiarit
821 777 830 810 ,

218 833 257 895 Et
272 848 340 895 cum
355 830 524 896 bombardis
538 834 741 912 passarolabat
755 850 826 914 eus;

178 937 217 1000 Et
232 935 327 1018 putuit
341 937 461 1000 tandem
477 953 531 1018 per
548 937 657 1000 iussam
672 935 789 1002 vincere
803 939 931 1020 nullos3

217 1040 264 1104 Ad
279 1044 396 1104 salvum
411 1059 517 1122 corpus
532 1051 599 1122 post
615 1040 748 1123 capiebat
761 1060 825 1107 eos.

175 1148 457 1230 Fucanuayretum,
472 1148 653 1227 Castrulum,
669 1167 761 1229 pauca
776 1151 903 1216 raleudo
917 1201 926 1234 ,

217 1251 405 1328 Pertrusum,
425 1248 525 1330 tritis,
544 1249 612 1314 rilla
627 1249 735 1315 Riausa'
749 1249 864 1332 simul,

178 1358 321 1422 lt’rilleuo
336 1363 479 1437 castrum,
499 1355 619 1421 Sulleris
640 1353 709 1418 riiia
722 1355 881 1420 batalhaus
897 1406 905 1438 ‚

216 1461 319 1527 Turris
333 1463 370 1526 de
383 1462 478 1527 Mudiu
490 1461 645 1526 fortificata
659 1463 756 1541 bene,

176 1568 215 1631 Se
228 1567 419 1630 defensarunt
434 1572 512 1630 reete
526 1582 595 1629 curu
609 1563 751 1644 fustibus,
770 1563 861 1646 armis
874 1614 883 1646 ,

213 1672 252 1734 Et
267 1671 330 1734 siue
343 1669 513 1734 bombardis
526 1688 585 1733 nou
604 1676 773 1750 superasset
785 1685 848 1734 eas.

175 1776 278 1841 Turris
293 1778 353 1839 suia
368 1775 446 1839 rirus
461 1775 667 1838 tautummodo
679 1772 787 1853 quiuze
801 1776 923 1839 tenebat
940 1825 950 1857 ,

215 1880 325 1943 Gentes
340 1879 376 1943 de
394 1879 518 1960 paradu,
535 1878 637 1942 ludere
651 1877 770 1957 quaudo
784 1879 901 1960 solent,

173 1983 211 2046 Et
227 1993 328 2048 centra
347 1989 461 2047 turrem
477 1979 626 2044 artiiharia
642 1998 744 2060 grossa
760 1979 889 2061 tirabat3¹

215 2089 281 2167 ipse
296 2095 396 2150 tamen
409 2101 563 2164 nunquam
580 2082 608 2147 ri
621 2083 769 2164 rapuisset
783 2101 861 2148 eam.

173 2190 310 2270 Reudite,
326 2189 401 2254 dixit
413 2190 466 2271 eis,
483 2199 513 2254 et
528 2190 610 2255 rubis
626 2189 724 2255 omnia
739 2208 882 2273 paream,

212 2292 316 2358 Omnis
331 2295 430 2358 salvus
445 2294 517 2374 erit,
534 2313 619 2359 seusa
632 2296 737 2359 durare
750 2295 837 2359 modo
852 2317 863 2358 :⁴

171 2399 210 2461 Et
224 2397 408 2461 confirmarit
423 2399 491 2461 creti
502 2398 652 2477 iuramiue
666 2398 779 2463 dictum
794 2447 802 2478 ,

212 2498 325 2565 iurarit
343 2497 496 2562 Christum
511 2500 594 2566 mille
611 2501 725 2566 remilla
739 2519 838 2583 copus.

172 2606 282 2672 Saldati
296 2623 400 2672 rerum
414 2605 566 2686 pensando
585 2605 696 2672 diceret
717 2605 798 2686 iilis,

211 2713 250 2776 Et
267 2709 409 2793 promissa
424 2727 477 2772 sua
492 2726 551 2771 uun
567 2708 693 2775 variaret
711 2709 754 2774 eis
767 2759 774 2791 ‚

171 2816 296 2877 Turrem
313 2814 487 2892 renuerunt,
508 2830 539 2876 se
552 2831 567 2875 a
582 2831 613 2876 sa
627 2830 774 2879 mereesse
791 2811 942 2892 uoranuo,

210 2917 312 2994 Atque
325 2933 394 2978 suas
410 2931 509 2979 armas
528 2914 655 2996 quisque
670 2912 784 2979 remisit
798 2912 836 2978 ei.

166 3021 237 3083 Post
251 3035 368 3083 servare
387 3019 476 3083 udam
495 3017 673 3101 promissam
692 3016 788 3081 uoluit
802 3015 883 3097 iilis,

208 3124 265 3188 Sed
285 3121 342 3188 cito
354 3142 406 3205 per
420 3126 531 3190 collum
550 3123 679 3205 pendere
691 3121 760 3187 iecit
773 3138 834 3186 eos.

168 3228 211 3290 Ite
225 3227 318 3309 pactis
330 3227 452 3293 titulum
467 3227 616 3309 Diggestis
631 3244 690 3290 uon
704 3227 781 3290 hene
800 3227 918 3304 seruat,

205 3339 260 3408 <ff
271 3334 313 3398 De
325 3333 503 3414 Juraruuutis
525 3336 606 3397 nulia
622 3330 738 3397 rubrica
756 3331 845 3394 ralet.
