2394 4148
222 332 261 393 ti
487 347 606 392 aaroni
629 347 810 395 rnrnrnorsr

224 458 288 520 Non
303 455 416 520 reniale
433 457 508 520 mini
519 465 684 540 peccaturo,
701 458 727 522 si
740 461 828 523 modo
842 459 960 524 Fransa

267 561 416 624 Prendere
430 578 478 625 me
492 569 608 643 posset;
629 579 731 641 grossa
747 560 839 626 riaina
858 563 937 628 toret
953 587 961 627 ε

227 665 274 728 oio
288 672 463 746 gerionaea,
479 683 637 747 personam
651 667 728 729 torte
741 666 861 744 ligando
876 716 884 743 ,

269 769 311 833 De
326 768 450 849 pedibus
465 769 575 833 nostris
587 788 674 832 sensa
687 776 785 833 tooarc
799 771 919 833 sotum:

230 874 318 937 Esset
333 890 489 954 processus
503 879 602 953 presto
617 889 706 953 sopra
720 874 749 935 io
767 873 940 952 burellum,

271 975 358 1039 Coria
376 974 533 1040 confestim
551 974 663 1055 jndicat
677 992 767 1056 omne
780 978 906 1040 maium.

232 1081 290 1143 Pro
305 1097 354 1142 nro
367 1099 426 1142 non
441 1088 520 1143 osset
534 1080 661 1143 nimium
676 1080 823 1144 sententia
838 1098 963 1163 grassa,

270 1183 452 1246 Esmendarn
466 1184 606 1262 iacerent,
627 1202 681 1265 pro
695 1183 826 1264 ratione,
841 1186 965 1251 bonam.

231 1287 329 1366 iliam,
345 1303 449 1366 pense,
467 1287 572 1350 darant
587 1287 705 1350 Domini
719 1287 756 1351 de
768 1289 836 1366 jure
851 1295 987 1368 retorto,

271 1389 381 1452 Contra
400 1407 449 1453 me
463 1392 595 1453 multum
611 1390 691 1454 coria
707 1408 789 1454 sacra
804 1393 884 1455 dolet
901 1414 908 1454 :

233 1491 281 1554 Nil
295 1491 368 1555 mihi
383 1496 536 1574 proficeret
552 1513 631 1561 nnnc
642 1495 832 1560 chanceleria
847 1501 910 1557 tota

272 1593 369 1658 Hicin
384 1596 544 1676 Provensa,
560 1613 607 1659 res
622 1594 695 1658 mini
707 1603 787 1658 certa
802 1601 914 1657 manet.

234 1695 265 1759 Si
279 1697 461 1760 Garsonetos
480 1715 544 1762 rnas
558 1699 661 1761 lettras
680 1696 731 1761 iile
745 1696 857 1761 rideret
871 1743 880 1775 ‚

276 1802 458 1865 Estrassaret
474 1818 535 1878 eas,
552 1819 636 1864 sensa
652 1802 757 1864 dotare
772 1798 858 1862 nihil.

236 1905 296 1968 Noc
309 1902 383 1968 mihi
402 1906 558 1986 proficeret
577 1922 658 1968 nnnc
676 1901 865 1967 Chanceieria
884 1900 1031 1982 grandis,

276 2008 350 2081 Qnae
364 2014 441 2073 totas
455 2027 559 2072 causas
575 2024 644 2072 corn
658 2006 772 2071 rationo
786 2005 866 2070 iacit.

238 2110 272 2170 ln
287 2116 348 2173 tota
368 2110 480 2173 Fransa
499 2109 541 2172 nit
557 2111 741 2191 perdonansa
757 2111 888 2184 valeret,

276 2209 417 2282 Quamvis
430 2214 459 2274 ia
473 2210 590 2275 minuta
604 2211 661 2275 rite
680 2213 801 2275 cochata
816 2213 891 2275 foret
907 2233 914 2273 :

237 2314 315 2395 Non,
327 2314 463 2394 quamvis
473 2315 599 2398 propriis
611 2315 749 2379 manibus
764 2317 829 2379 Rex
842 2314 983 2380 scriberet
995 2314 1098 2395 illam,

279 2414 470 2479 Francisoum
485 2435 591 2481 nornen
608 2423 731 2499 poneret
746 2423 836 2496 atque
850 2433 960 2497 suum;

241 2518 280 2582 Et
299 2516 325 2583 si
338 2520 472 2583 Deifinus
486 2519 575 2584 etiam
590 2520 755 2584 consentiat
773 2519 837 2598 illi,

282 2624 322 2689 Et
337 2623 410 2689 mihi
424 2625 577 2706 perdonet,
594 2642 653 2687 non
669 2627 747 2689 beno
760 2632 846 2689 tutus
859 2643 922 2690 ero.

245 2729 395 2796 Antonios
408 2733 538 2810 Burgus,
555 2746 639 2809 gram
653 2729 862 2794 Chanceierius
876 2729 945 2811 ille,

285 2844 342 2911 w·
351 2838 416 2901 Non
430 2842 562 2917 passaret
576 2853 660 2915 eam,
675 2835 857 2918 respiciendo
871 2837 958 2902 bene.

244 2941 299 3004 Est
313 2941 410 3003 bonus
424 2948 454 3004 et
469 2942 610 3022 prodens,
627 2941 774 3024 sapienter
794 2949 900 3006 cuncta
915 2939 1054 3020 regardat
1069 2988 1078 3020 ,
1101 3010 1105 3014 ,

286 3041 450 3108 Consilium
465 3045 599 3126 sequitur
612 3043 734 3108 Francia
749 3052 811 3108 tota
833 3060 934 3108 snum.

246 3143 399 3209 Jnsticiam
414 3153 537 3224 rectam,
554 3163 670 3210 summa
686 3145 810 3221 ratione,
826 3149 989 3224 governat,

288 3250 455 3330 Despachat
469 3255 622 3333 poprium,
639 3266 755 3330 semper
769 3249 895 3313 amando
909 3249 1005 3313 Deum
1021 3267 1028 3306 :
