2394 4148
426 385 581 438 caneuuur
603 387 808 432 ruruuarunrs.
1002 375 1040 432 39
1139 414 1143 422 -

185 502 307 578 lingum
321 502 466 582 Saveyhae
488 503 659 579 bessutum,
675 509 797 583 prepter
816 520 947 583 amores;

226 602 403 685 Veyrerium
425 605 564 684 semblat,
578 603 621 667 sin
638 622 691 667 sua
712 603 801 684 gibba
815 608 894 669 lerat
908 627 914 684 3

183 707 289 794 Nocte,
308 705 355 769 die
377 709 510 769 multum
527 706 575 771 nui
590 726 671 771 nunc
692 720 745 771 sua
776 716 852 773 testa
868 712 1038 787 trabalhat,

223 810 333 873 Contra
349 810 409 874 Vos
424 811 515 875 etiarn
538 813 615 875 forte
629 812 771 877 dolemus
791 817 874 879 adest
890 838 896 877 :

181 914 303 978 Francia
328 918 494 1000 Savoyiram
513 935 568 980 cur
590 924 684 980 tetam
699 916 850 998 prenderit
863 917 927 998 illi,

153 1031 157 1037 ’
217 1018 256 1080 Et
280 1035 349 1081 cunt
372 1018 542 1083 bombardis
553 1036 661 1098 guerra
680 1019 803 1084 iretavit
826 1037 915 1099 eum;

178 1120 282 1200 Atque
305 1123 498 1187 Piemontem
520 1122 562 1187 sie
584 1122 810 1187 ambrassaverit
837 1141 974 1204 emnem,

219 1225 257 1288 Et
270 1232 364 1288 tntant
381 1226 520 1290 Bressam
543 1225 646 1290 iecerit
659 1232 750 1306 atque
764 1243 849 1291 suam
870 1251 876 1291 :

177 1329 216 1390 Et
239 1329 379 1391 nondum
402 1327 490 1406 finis;
514 1346 596 1391 nunc
613 1332 709 1393 cercat
729 1331 873 1411 prendere
896 1331 1033 1409 Nissam,

216 1429 317 1509 Atque
330 1431 443 1493 Novam
454 1437 565 1493 terram
579 1433 645 1494 vult
658 1431 782 1496 retirare
801 1449 899 1496 suam.

176 1533 235 1594 Sed
252 1549 339 1596 nerne
358 1539 475 1612 penset,
500 1533 580 1612 quod
602 1533 666 1597 Rex
686 1534 715 1600 id
730 1537 799 1601 iecit
813 1543 945 1600 atertnm
964 1560 969 1599 :

217 1639 290 1710 Quae
316 1639 396 1702 venit
409 1657 447 1703 ex
461 1642 578 1726 merite,
595 1660 688 1724 poena
702 1643 821 1706 ferenda
836 1642 930 1705 venit.

174 1741 222 1804 Ad
237 1743 381 1806 Fransant
399 1743 479 1826 iecit,
492 1752 525 1808 tu
537 1746 606 1826 scis,
623 1745 809 1810 incommoda
823 1747 939 1826 multa,

214 1846 253 1907 Et
267 1847 382 1926 majera
404 1848 499 1929 daret,
521 1848 547 1911 si
566 1847 622 1911 sibi
635 1850 713 1911 forsa
727 1849 813 1911 iuret.

172 1947 257 2010 Tune
267 1950 345 2012 rnale
356 1966 405 2012 res
424 1949 548 2030 vadunt,
564 1951 693 2033 brayhas
707 1950 779 2014 dum
791 1949 913 2013 ioemina
927 1957 1026 2030 pnrtat

212 2054 444 2126 &Consilium
466 2058 556 2120 dunat
582 2056 706 2120 ioeniina
725 2073 791 2118 rara
811 2056 936 2118 bonurn.

172 2158 259 2219 Nulla
274 2159 335 2221 iere
358 2177 447 2223 causa
461 2167 518 2240 est,
532 2160 562 2223 in
575 2178 634 2239 qua
648 2178 708 2223 non
722 2158 843 2222 faentina
859 2160 945 2224 litem

212 2255 406 2344 Penat,cu1n
427 2265 534 2327 saltem
553 2263 647 2342 gloria
666 2269 754 2326 venat
768 2281 835 2327 earn
861 2287 867 2326 :

172 2369 306 2432 Foemina
328 2371 390 2432 sola
411 2376 510 2449 potest
527 2375 632 2448 gentes
647 2369 817 2432 destrusere
832 2371 950 2451 plures,

210 2473 241 2536 Si
260 2474 336 2536 bene
348 2475 530 2553 complaceat
554 2480 644 2536 cunta
671 2471 801 2535 maritus
825 2472 864 2536 ei.

171 2579 235 2640 Non
249 2585 295 2641 est
308 2576 352 2640 ira
367 2576 489 2658 quidem
510 2574 673 2640 mulierum
691 2577 822 2658 desuper
840 2576 926 2657 iram,

210 2684 253 2744 De
267 2680 380 2747 medina
402 2700 492 2748 eausa
506 2689 582 2746 testa
604 2687 734 2744 reversat
750 2679 804 2743 eis.

172 2783 319 2860 Foenrina,
331 2785 449 2864 quande
458 2782 528 2846 iacit
541 2801 610 2862 qnae
624 2785 699 2861 vult,
715 2789 782 2862 post
797 2782 871 2845 iacta
883 2788 1023 2846 retornat:

210 2890 327 2953 Cornua
348 2907 401 2970 per
421 2894 531 2950 testam
556 2905 634 2968 saepe
655 2885 783 2949 maritus
798 2886 900 2949 habet.

171 2993 385 3071 lnearognatus
406 3009 486 3054 nunc
507 2998 553 3054 est
574 2988 604 3051 in
629 3004 729 3051 amere
751 2987 864 3052 ribaldo

209 3094 347 3177 Quidam,
367 3110 457 3174 quem
475 3095 571 3174 pariat
588 3089 705 3172 publica
718 3091 796 3154 iama
815 3090 898 3155 satis.

168 3199 363 3278 Temporibus
383 3197 492 3263 nostris
511 3215 586 3261 rarae
613 3194 725 3258 virtute
748 3196 911 3273 fruuntur3

210 3302 266 3364 Per
285 3308 382 3365 tetum
403 3298 721 3365 mendum.1uxuriare
745 3299 860 3360 uolunt.
