2394 4148
404 374 558 428 eiroiroor
580 374 787 419 rurnnnronrs
984 357 1022 416 57

175 484 236 544 Lon
253 485 335 546 loous
347 485 385 546 ad
400 483 512 562 sillam,
528 483 664 563 dixisses,
685 491 757 545 tuno
774 480 966 559 omniomnis,

216 586 253 646 llt
271 587 350 663 quod
362 587 424 663 Jam
439 592 538 666 posset
551 585 705 663 stinguere
716 587 819 646 nullus
833 600 921 660 eum;

174 688 226 749 l'el
243 689 406 751 semblahat
420 706 512 767 aqrras
526 689 605 766 quod
619 706 678 751 non
692 690 830 753 trobbare
845 697 996 768 potassent
1015 739 1021 750 .

213 792 261 854 Sio
280 809 421 872 campana
437 801 522 856 sonat
538 794 612 855 forte
628 795 776 857 coenando
795 812 902 873 copos3

172 893 231 956 Sed
252 893 425 972 terignonos
444 893 558 972 aliquos
574 912 632 956 non
652 896 770 957 branlal
789 898 924 975 alegros,

212 997 253 1059 Le
272 997 498 1076 campagnerius
516 997 627 1076 quippe
646 998 783 1060 dolemus
798 1005 884 1060 erat:

177 1105 288 1168 Omnes
303 1104 462 1168 clocherios
477 1103 611 1167 audisses
630 1111 704 1167 tunc
718 1121 875 1182 resonare;

206 1208 315 1270 Cloeha
330 1214 415 1269 sonat
436 1207 554 1286 subito,
571 1207 694 1284 quando
714 1213 840 1270 retreota
855 1207 947 1270 uenit.

170 1311 277 1372 Plures
298 1311 474 1388 gendarmas
488 1311 525 1373 de
544 1311 662 1390 Spagna
681 1309 756 1372 Villa
771 1308 910 1389 irotavil,

206 1417 245 1478 Se
263 1415 446 1478 defendendo
461 1433 541 1495 saepe
556 1414 670 1478 necarit
685 1432 745 1477 eos.

176 1521 241 1582 Non
257 1519 354 1599 potuit
368 1519 489 1582 tandem
506 1528 580 1582 tuno
593 1519 782 1598 conquistare
796 1521 968 1598 halalham,

209 1621 293 1684 Prisa
307 1621 364 1684 luit
380 1640 432 1702 per
450 1622 510 1684 rim
526 1641 630 1685 rursus
646 1625 681 1686 ad
697 1641 780 1686 arma
796 1626 885 1686 mala.

174 1723 282 1788 Omnia
295 1724 470 1803 raubarunt,
492 1725 592 1788 villam
606 1736 672 1806 post
686 1726 885 1801 aholinando,

209 1827 249 1889 Et
263 1845 377 1890 sacram
391 1828 542 1911 Gleysam
559 1829 732 1910 respiciente
747 1831 827 1909 Deo;

173 1929 211 1991 m
225 1928 299 1992 mihi
313 1947 488 2013 maysonom
504 1934 682 2012 fumarunt,
703 1950 791 1997 omne
805 1933 928 1996 levando

208 2029 316 2093 Mobile
332 2053 339 2093 ε
354 2031 533 2095 [lemonium
548 2035 622 2096 oolla
637 2035 805 2096 retrenchet
818 2032 871 2096 eis.

170 2135 318 2213 Perpetuo
333 2137 431 2197 natale
450 2137 547 2197 solum
561 2135 718 2199 dulcedine
730 2143 856 2199 cunctos

213 2235 345 2317 Detinet,
364 2236 555 2301 immemores
574 2256 629 2302 neo
643 2239 714 2301 sinit
728 2257 794 2303 esse
808 2241 866 2303 sui.

177 2343 278 2419 Atque
292 2341 507 2420 Tholonenses,
529 2342 666 2420 quisunt
681 2346 818 2407 valliente
833 2345 964 2427 oligeto,

215 2444 324 2506 Contra
338 2444 524 2524 Espagnolos
538 2462 620 2508 arma
635 2448 767 2510 talhanla
783 2447 885 2511 lirant.

174 2549 260 2612 Tune
274 2547 367 2611 intrat
381 2558 502 2629 portum
518 2568 570 2630 per
584 2551 694 2614 lorsam
709 2553 790 2614 nulla
805 2554 903 2629 galera
920 2601 927 2631 ‚

216 2648 292 2723 Quin
314 2649 406 2713 turris
420 2653 541 2732 hiemet,
558 2661 649 2732 atque
664 2653 823 2733 profundet
835 2669 912 2715 eam.

177 2755 253 2818 Villa
267 2756 304 2819 de
322 2758 401 2838 Reys
414 2763 519 2819 contra
533 2759 701 2821 l'armatam
716 2776 748 2821 se
761 2759 837 2820 bene
852 2757 973 2835 gardam

216 2858 339 2931 Quando
353 2858 508 2937 reeulavit,
522 2859 581 2921 iort
596 2859 746 2938 ginonalil
760 2877 837 2924 eam.

175 2959 310 3024 Andreas
325 2960 440 3040 florias,
460 2959 504 3022 illi
518 2961 653 3023 donando
668 2962 818 3037 favorem,

215 3064 404 3142 uspargnare
417 3063 487 3127 facit
501 3074 574 3128 tunc
590 3065 645 3129 sibi
660 3068 753 3128 mulla
769 3067 858 3130 bona.

173 3165 283 3244 Quare,
299 3166 413 3244 etquid
428 3168 552 3248 lactrrm,
569 3166 725 3246 miramur,
743 3169 855 3232 venerit
870 3169 947 3232 istuc

212 3270 322 3332 lennes
336 3273 523 3354 Prepoyntus
538 3288 608 3335 cum
626 3270 769 3335 brevitate
784 3291 848 3336 sna

844 3382 862 3436 8
