2394 4148
408 384 563 439 carcerom
584 370 789 431 rurnneron'rs.
989 375 1025 433 tt

176 503 257 574 Quos
271 500 349 563 intra
362 498 481 577 bursas,
497 512 549 559 seu
561 511 614 577 per
628 501 752 577 secreta,
768 496 906 577 trohavit,

217 602 315 667 Ferris
324 601 472 685 icygando
487 602 596 681 tempta
609 607 721 664 sacrata
735 599 799 664 Dei.

176 710 315 772 Cressam
329 711 497 784 concuret,
511 705 563 767 sed
580 705 701 768 mitram
717 706 807 768 vellet
818 703 938 784 habere,

215 813 289 885 Qum
300 817 344 874 tot
357 810 447 873 habet
460 807 584 889 lapides,
596 826 650 889 pro
664 808 825 871 reverendo
837 809 944 872 Deum.

174 919 304 981 Auratos
315 916 405 980 etiam
418 917 512 979 helios
526 915 685 978 demandat
699 916 824 994 auelles,

214 1023 293 1096 Quos
313 1030 396 1086 tenet
416 1021 448 1084 in
462 1019 574 1100 digitis,
589 1018 781 1083 sacrificando
794 1019 867 1082 Dec.

172 1131 211 1192 Sa
224 1127 443 1193 biuedissoncm
458 1125 595 1208 cupiebat
605 1124 750 1206 prendere
765 1131 911 1204 sanctam,

218 1233 256 1294 Se
270 1233 474 1312 comessandu,
491 1236 599 1295 cuncta
612 1227 747 1292 remittat
759 1227 799 1290 ei.

171 1337 210 1400 Et
221 1336 455 1400 l'Archidiacum
473 1337 510 1398 de
524 1340 610 1398 sanct
623 1334 768 1416 Salvayre
780 1331 911 1413 volebat,

211 1438 269 1512 Qui
280 1441 357 1504 hene
372 1455 459 1518 gram
472 1438 616 1518 cheriem,
628 1454 660 1500 se
670 1436 836 1517 rigolando‚
847 1435 931 1500 iacit.

172 1540 335 1621 Relliquias
350 1559 448 1604 sacras
465 1539 619 1623 layssavit,
631 1539 751 1618 quaudo
765 1537 907 1617 recessit3

212 1643 261 1706 Ad
276 1649 410 1706 sanciam
419 1642 537 1706 Claram
551 1641 661 1723 scripta
676 1642 805 1706 notanda
818 1649 955 1706 manent.

79 1796 81 1801 .
172 1747 231 1810 Sed
252 1763 419 1811 memorare
430 1747 513 1811 decet
527 1765 673 1830 paysanos
689 1748 765 1811 torte
781 1750 926 1828 valentes,

212 1858 270 1926 οῖ’
282 1851 340 1926 Qui
353 1851 410 1916 sibi
430 1854 566 1917 iecerunt
580 1854 658 1916 bella
672 1858 796 1916 cruenta
808 1849 878 1915 cite.

172 1959 248 2020 Nam
261 1964 420 2039 postquam
434 1955 562 2038 patriam
576 1958 640 2021 Rex
653 1954 794 2019 arribavit
808 1955 845 2019 ad
856 1956 948 2018 istam

213 2063 400 2143 D'Espagna‚
418 2061 529 2126 taciens
543 2061 684 2126 omnibus
704 2078 793 2124 omne
807 2063 933 2140 malum,

175 2166 296 2230 Rustica
306 2165 464 2246 progenies
474 2166 576 2230 tenuit
590 2165 648 2230 cito
664 2183 695 2228 sa
708 2164 883 2244 sinagogam
891 2185 902 2242 ;

215 2270 361 2347 tempore
374 2284 551 2345 guerrarum
566 2265 687 2346 saggius
701 2267 799 2332 omnis
811 2275 876 2331 erat
891 2291 898 2329 z

178 2371 226 2434 Art
246 2370 391 2434 Fransam
401 2376 495 2434 totam
509 2388 563 2451 pro
577 2377 650 2434 tunc
664 2371 773 2434 donare
785 2386 958 2450 secorsum,

219 2474 331 2537 Omnes
345 2491 398 2554 pro
406 2473 520 2537 Franco
533 2474 615 2552 Rege
628 2473 737 2538 morire
750 2476 867 2538 velunt.

180 2576 304 2658 Propter
322 2577 381 2640 Vos
394 2578 507 2656 Regem
517 2578 600 2641 vaide
617 2579 782 2640 marmalha
797 2576 932 2654 dolebat,

219 2683 328 2746 Contra
341 2682 526 2763 Espagnolos
540 2698 623 2745 arma
638 2680 784 2744 movendo
795 2679 916 2742 lubens.

182 2790 293 2852 Omnes
304 2786 428 2870 paysani
441 2794 629 2869 poyssantes‚
650 2793 740 2864 atque
753 2789 898 2867 valentes,

222 2891 279 2964 Qui
289 2909 340 2954 vos
352 2892 388 2953 de
403 2897 466 2952 teto
481 2895 601 2969 pectore
616 2894 734 2968 semper
747 2893 862 2969 amant,

181 2998 336 3060 Mortalem
351 3011 492 3074 guerram
512 2994 719 3075 dreyssarunt‚
735 2992 829 3056 Marte
847 2993 983 3069 iurente;
1018 2996 1021 3001 '

222 3100 331 3162 Contra
342 3100 528 3181 Espagnolos
551 3097 646 3160 terrea
660 3097 737 3160 bella
752 3103 885 3160 movent.

181 3204 301 3264 Testem
314 3204 484 3286 hapssatam
493 3221 644 3286 paysanus
659 3204 756 3284 poisat
772 3210 927 3283 aventem,

222 3302 367 3366 Viseriam
377 3306 508 3387 bayssat‚
525 3301 707 3385 respiciendo
722 3302 807 3366 nihii.

855 3405 874 3466 7
