2394 4148
173 348 211 405 ΞΘ
436 357 557 403 nenena
578 353 760 402 enrnarmsn

172 470 211 534 Ut
230 487 289 531 non
303 468 419 533 dessciat
431 467 588 533 Dominam
602 465 748 548 passando
762 464 889 545 videre,

211 571 259 634 Ad
273 570 391 635 Nissam
406 570 515 651 veniat,
538 569 707 650 iestegiabit
720 584 804 634 enm.

171 674 267 737 Grans
281 672 367 738 ianiet
380 690 494 752 gerres,
514 671 558 735 iili
571 671 707 736 donando
723 687 850 753 separe,

212 781 250 843 Et
264 776 395 843 ceniabit
413 774 441 840 ei
460 774 587 857 plurima
602 778 690 841 rerba
704 794 791 841 nora.

171 885 226 948 Est
240 882 355 948 dictura
369 880 425 945 sibi
439 890 485 945 ter
499 892 622 944 renium
636 879 719 945 mille
735 881 889 960 querellas
904 901 914 960 ;

211 990 283 1053 Fert
299 994 400 1053 eontra
414 987 558 1051 Fransam
575 983 733 1050 corrotiata
751 992 865 1050 manet.

172 1093 230 1157 Sed
244 1094 322 1156 male
335 1089 477 1171 avisatus,
498 1089 541 1153 nil
554 1101 628 1154 tune
642 1088 793 1172 pensando
811 1106 866 1169 per
881 1089 1011 1173 ipsam,

210 1195 343 1258 Passavit
357 1193 486 1268 Nissam‚
502 1212 562 1258 nnn
577 1193 771 1277 supplicando
785 1192 853 1257 sibi.

171 1300 236 1363 Non
251 1316 283 1362 se
297 1299 480 1379 arresiando,
496 1297 590 1362 noluit
603 1299 757 1362 marchare
770 1296 927 1364 caminum
943 1320 950 1364 :

210 1402 349 1465 Mortales
363 1419 481 1480 guerrae
499 1403 605 1482 gaudia
619 1409 726 1467 cuneta
739 1405 853 1467 levant.

170 1505 254 1577 Quod
268 1506 387 1584 qnando
402 1504 499 1585 seivit,
515 1504 594 1585 quid
611 1505 673 1585 iam
688 1512 857 1587 passaverat
875 1507 960 1571 ultra

209 1611 285 1674 Sens
298 1612 414 1690 parlare
428 1607 495 1690 sibi,
513 1616 580 1672 turn
596 1608 758 1673 reverendo
771 1607 868 1689 nihil,

171 1713 236 1775 Non
251 1718 390 1776 contenta
409 1709 477 1792 init,
498 1729 530 1775 se
547 1710 722 1775 cnrrossavii
736 1710 766 1775 in
785 1710 849 1788 iri,

211 1818 420 1900 Charpinasset
435 1833 516 1898 enm,
539 1816 564 1880 si
580 1816 636 1882 sibi
648 1818 728 1881 forsa
741 1817 828 1882 foret.

171 1923 258 1986 Hune
267 1920 403 2001 sequitur
417 1923 572 2002 plangens,
587 1919 675 1985 tacito
684 1922 741 1985 sub
752 1926 871 2002 pectore
884 1920 1035 1990 erebbatr

210 2026 434 2089 Tartarellando
446 2024 567 2088 ioemina
583 2041 662 2104 saepe
677 2023 780 2089 eridat.

168 2127 216 2192 Ad
233 2135 317 2191 sanct
335 2128 522 2191 Laurensum
536 2127 704 2190 l’armaiam
718 2142 783 2191 eras
797 2126 965 2211 atrobaiit,

207 2232 247 2295 Εῑ
266 2229 336 2295 eiam
349 2229 421 2295 vidit
432 2239 514 2312 eum,
530 2227 681 2309 elamet,‹i
697 2230 798 2310 Cesar,
812 2246 876 2293 ave.

167 2338 205 2402 Se
222 2338 305 2401 botai
319 2335 350 2400 in
364 2344 488 2416 terram,
508 2337 614 2399 molles
632 2334 778 2399 flectendo
792 2333 944 2418 ginoihos,

209 2443 295 2504 Prest
309 2441 433 2522 baysare
447 2455 555 2503 manus
569 2447 660 2519 atque
674 2439 790 2504 volebat
808 2439 846 2504 ei.

169 2547 251 2613 Fecit
266 2545 293 2611 ei
308 2546 437 2627 grandes
454 2548 554 2626 plnres
567 2546 690 2626 Jasandn
704 2547 869 2624 querellas3

110 2655 116 2663 '
210 2654 250 2717 Ut
265 2652 415 2734 sequitur,
428 2649 502 2714 dixit
521 2668 590 2716 cnm
610 2648 861 2731 grai-iratenens:

169 2755 210 2819 Te
224 2756 384 2821 Dominum
402 2755 508 2820 mnndi
522 2757 558 2820 de
572 2774 641 2821 vern
656 2755 743 2821 corde
761 2757 859 2819 saluto
873 2776 880 2817 ε

210 2860 263 2922 Jns
277 2859 332 2924 tihi
346 2861 503 2940 demando,
526 2860 734 2940 iustitiamque
747 2860 880 2923 brevem.

170 2966 215 3027 Tu
234 2965 310 3028 bene
324 2964 392 3045 seis,
411 2966 512 3046 Cesar,
528 2965 648 3045 grandis
662 2971 708 3028 est
726 2970 811 3027 neira
825 2961 940 3028 liansa:

209 3069 267 3131 Vos
282 3084 359 3148 amo,
376 3068 435 3130 Vos
449 3075 570 3133 nostrus
586 3077 676 3150 atque
691 3067 817 3132 maritus
828 3075 920 3132 amai.

168 3171 232 3235 Non
252 3177 352 3234 iernen
365 3171 484 3250 ignoras
501 3172 572 3252 qnid
589 3172 674 3236 nobis
691 3170 813 3235 Francia
829 3169 920 3235 feeit:

208 3273 372 3355 Savnyharn
387 3274 463 3356 cepit
478 3291 547 3339 enrn
561 3275 715 3340 Piernonie
727 3273 831 3337 sirnul.
