2394 4148
183 359 221 419 bt
446 374 565 417 ararent
588 372 765 419 rnrnrrrnrsn

181 482 344 547 Testienlns
358 482 417 546 illis
428 490 512 546 extra
526 484 562 545 ne
581 490 684 547 rentre
702 483 834 546 tirabant
848 504 855 562 ;

125 672 139 689 .
221 586 297 649 Cum
311 585 405 650 cardis
421 583 503 648 ratde
522 591 595 647 testa
614 584 705 664 ligata
718 583 794 661 iuit;

179 692 237 755 Per
257 699 360 772 putens
372 689 496 771 nedibus
512 688 657 770 pendutas
671 690 757 753 eorda
771 692 899 755 tenebat
913 743 922 765 ‚

220 794 320 872 atque
334 794 443 874 nedum
456 809 575 855 earnem
588 794 706 855 flamma
720 794 873 857 cremabat
888 795 950 859 eis.

182 898 240 960 bes
261 913 368 978 magns
380 897 416 959 de
430 895 533 959 rillens
546 896 683 958 defendat
698 914 752 958 nos
764 897 857 977 Deus,
874 916 991 965 omnes

219 998 378 1060 Amassant
391 1004 506 1075 gentes,
522 1004 551 1060 rt
566 996 678 1060 ratione
691 1005 802 1061 carent.

177 1098 287 1163 Saldati
301 1099 424 1162 timeant
439 1118 595 1181 paysanos
611 1100 636 1162 si
650 1099 724 1162 mibi
741 1101 883 1179 credant;

214 1203 279 1266 Non
294 1220 326 1266 se
338 1203 441 1265 rendat
459 1203 513 1283 eis,
529 1202 582 1282 qui
595 1206 727 1267 reenlare
740 1211 850 1284 potest.

177 1306 253 1369 Rara
270 1305 342 1368 ssdes
356 1305 386 1367 in
401 1303 444 1368 eis
458 1312 562 1368 usatur
580 1314 714 1386 tempore
727 1313 829 1370 nostro
842 1356 850 1388 ‚

214 1408 357 1473 Militibus
374 1407 461 1472 bodie
479 1426 619 1489 rumpere
632 1417 718 1490 pacta
732 1413 841 1474 solent.

175 1511 363 1576 Prodamiam
381 1518 494 1575 veteres
509 1518 665 1592 portarunt
678 1511 709 1574 in
728 1511 901 1576 Paradisum
914 1534 922 1591 ;

214 1618 383 1683 Chatariam
400 1618 530 1682 mundus
545 1634 625 1681 nune
643 1614 729 1696 quasi
746 1625 827 1680 totus
840 1619 945 1683 habet.

175 1724 256 1785 Inter
277 1723 405 1786 saldatbs
419 1721 562 1800 regnabat
576 1721 634 1783 tort
647 1721 725 1783 bana
740 1736 867 1801 guerra,

214 1826 284 1887 Post
299 1824 407 1887 iuriam
422 1825 523 1886 nullus
539 1829 635 1885 morte
652 1828 753 1884 tnatus
767 1828 849 1899 erat3

173 1927 229 1989 Per
245 1926 421 2007 prisonerios
432 1943 536 1990 omnes
556 1925 607 1988 sed
627 1941 659 1988 se
672 1923 854 2004 retinabant,

211 2029 381 2093 Praesertim
394 2036 498 2110 captus
517 2029 635 2108 quando
649 2030 764 2093 valebat
776 2031 876 2092 homo.

172 2130 229 2193 Seri
244 2129 308 2192 sine
319 2131 434 2193 defectu
453 2131 553 2195 cuncti
567 2149 598 2195 se
612 2131 844 2212 saquegiabant,

211 2234 395 2315 Baggagium
409 2242 507 2300 totum
521 2244 593 2299 tune
607 2236 783 2299 removendo
794 2236 908 2300 bonum
922 2259 929 2300 ε

171 2336 218 2399 Ad
236 2354 375 2418 eampum
388 2357 494 2404 rursus
512 2339 671 2406 tornabant
687 2340 805 2419 quando
820 2339 979 2415 volebant,

211 2449 268 2516 (ff
277 2443 395 2522 Spagna
409 2443 517 2506 bonam
530 2461 668 2523 guerram
679 2462 796 2526 semper
809 2443 921 2523 ubique
936 2443 1020 2508 facit.
1103 2432 1106 2438 ’

170 2545 210 2607 Et
223 2542 297 2608 mihi
311 2543 336 2608 si
351 2543 442 2625 dicas,
460 2543 566 2608 saldati
578 2562 632 2608 cnr
646 2544 702 2609 sibi
717 2553 862 2627 pareunt,

211 2650 271 2715 Hae
285 2650 374 2714 breve
387 2666 563 2730 responsum
577 2650 626 2713 dat
640 2666 706 2713 mea
724 2666 810 2713 musa
825 2648 898 2714 tibi:

171 2752 239 2833 Ung
253 2757 343 2835 lupus
354 2753 385 2817 in
400 2751 511 2834 eampis
525 2753 630 2816 laubos
648 2771 708 2835 nnn
722 2751 856 2831 mangiat
871 2769 1020 2838 unquam,

210 2861 323 2922 Pravns
341 2864 421 2921 amat
432 2876 553 2940 pravas,
576 2867 606 2923 et
621 2860 716 2922 bonus
727 2859 791 2938 ipse
802 2858 906 2921 bonos.

170 2964 227 3028 Sed
241 2971 340 3028 tamen
353 2964 478 3029 ulterius
492 2984 542 3030 vos
555 2968 611 3029 hoe
629 2963 728 3027 audite
741 2965 873 3042 legentes
886 3011 893 3043 ‚

209 3069 282 3143 Quae
294 3066 363 3131 feeit
378 3067 452 3146 Regi
465 3067 559 3149 patria
573 3068 632 3131 sida
649 3085 713 3130 sub.

166 3172 244 3236 Cum
257 3173 321 3236 Rex
340 3171 507 3253 d’Espagna
522 3174 703 3236 Provensam
723 3167 844 3233 intrarit
859 3167 889 3230 in
904 3165 1016 3245 istam,

209 3276 293 3339 lllam
305 3277 455 3357 pensando
473 3294 589 3358 semper
603 3275 711 3339 babere
724 3288 809 3336 suam
826 3294 832 3332 :
