2394 4148
430 366 585 419 enrnnrnur
607 365 815 410 rnrunnrnnrs.
1011 351 1049 410 ta

193 479 355 541 Plerabant
370 479 471 557 plures
486 483 591 555 gentes
606 477 643 540 de
656 494 787 558 paupere
801 494 894 556 regne
909 501 915 539 :

234 587 292 653 qr?
304 580 361 653 Qui
375 586 455 644 earet
469 587 604 660 argento,
621 597 653 642 se
667 580 804 662 rejehyre
819 579 933 659 nequit.

194 685 259 747 Nun
275 691 399 762 potuere
415 691 513 746 tarnen
534 691 608 749 tune
622 691 727 762 gentes
738 684 837 747 emnia
851 685 947 762 ierre;

232 786 326 849 Neine
345 787 451 850 demes
465 789 570 867 plenas
586 787 749 866 nettegiare
763 793 871 867 potest.

190 891 255 953 Non
266 890 647 970 tantarnbrudamiaeinnt,
659 892 731 954 dum
745 890 870 953 fulmina
892 896 1049 968 treunam,

231 996 291 1058 Nee
315 1013 408 1077 mare,
425 1015 479 1061 nee
492 1004 612 1076 ventus,
625 998 697 1060 dnm
708 1000 785 1060 rnale
796 1004 916 1075 temnus
927 996 1051 1073 habent,

191 1100 286 1173 Quam
310 1117 361 1179 per
377 1118 451 1178 gran
468 1117 624 1182 maygram
641 1099 936 1179 bragganrreniendo
947 1115 1054 1162 mena-

228 1199 356 1263 Lneiieri
370 1200 448 1279 nigri
463 1210 540 1264 tune
556 1220 609 1264 sua
624 1219 731 1282 pompa
747 1200 814 1263 tuit.
972 1197 1047 1281 [bat

189 1304 273 1367 Tune
288 1311 352 1368 erat
368 1303 400 1367 in
415 1322 506 1386 nayse
521 1323 574 1384 per
588 1323 658 1369 eurn
673 1304 793 1368 iretaria
808 1321 929 1383 grossa3

226 1410 397 1474 Semblabat
411 1411 525 1489 bareas,
541 1409 660 1487 quando
676 1426 787 1489 negare
801 1410 917 1471 volunt.

186 1511 315 1590 Campus
330 1518 393 1573 erat
407 1527 535 1589 magnus
549 1512 684 1590 garnitus
698 1513 734 1575 de
748 1510 888 1574 amnibus
903 1508 994 1572 armis
1010 1557 1017 1588 ,

226 1613 297 1674 Fert
310 1614 386 1675 bene
399 1612 578 1691 aquinpatus
592 1611 732 1691 fustibus,
749 1619 839 1691 atque
853 1609 946 1690 tinia,

185 1714 243 1786 Qui
257 1715 357 1794 piures
371 1732 494 1792 guerras
508 1722 630 1777 usarant
643 1722 776 1794 tempore
791 1717 903 1792 lang03

224 1817 273 1880 Ad
286 1819 362 1881 bene
374 1820 550 1885 battendunr
564 1836 652 1883 nemo
666 1820 814 1883 rohardus
826 1824 906 1881 erat.

184 1917 223 1980 Et
234 1926 334 1981 rnenat
347 1919 520 1984 innumeras
535 1920 683 1999 sguadras
698 1920 735 1983 de
749 1927 840 1998 gente
853 1919 986 1982 Tudesea
1000 1939 1008 1996 ;

224 2021 297 2094 aare
311 2029 437 2086 mertem
451 2040 609 2103 nunquam
626 2021 811 2103 pertimuere
828 2024 947 2085 malam.

184 2123 345 2203 Nunquam
358 2123 433 2187 vista
448 2125 504 2187 init
519 2143 594 2203 gens
608 2132 672 2188 tarn
686 2123 817 2188 erudelis
831 2124 867 2188 ad
882 2141 986 2202 escas,

223 2229 290 2307 inse
303 2228 426 2291 Diablus
440 2246 490 2291 eas
506 2247 567 2292 non
582 2228 689 2292 satiare
704 2236 815 2309 petest.

181 2328 336 2392 Sassinant
351 2333 506 2411 pupulum,
522 2332 661 2411 renuant,
678 2332 853 2412 teneantque
867 2331 979 2396 rielhas
997 2355 1002 2393 :

221 2432 286 2494 Heu
299 2434 305 2494 i
320 2431 414 2512 pietas
429 2435 511 2497 nulia
522 2441 580 2514 est,
597 2436 729 2515 pullulat
744 2451 833 2498 omne
846 2437 975 2498 malurn.

180 2538 339 2617 Laugeries
353 2542 431 2602 ultra
447 2548 590 2623 geynetns
608 2541 685 2604 terte
703 2541 883 2619 galhardus,

217 2645 398 2708 Lombardos
412 2648 513 2725 piures
527 2655 618 2725 atque
632 2647 754 2711 tenebat
768 2663 885 2724 equos,

177 2744 234 2820 Qui
245 2745 330 2825 quasi
345 2747 382 2811 de
395 2747 520 2829 pedibus
533 2749 582 2812 hie
593 2748 811 2813 demarehando
827 2747 969 2810 velabant
982 2767 989 2824 ;

216 2846 352 2928 Vincere,
369 2850 467 2930 erede,
482 2852 569 2930 lepus
585 2849 634 2912 vix
649 2849 797 2930 potuisset
812 2866 863 2912 eos
881 2870 887 2909 :

176 2952 215 3015 Se
227 2951 452 3031 inartilhabant,
467 2951 587 3030 qnando
601 2958 749 3032 trornpeta
764 2952 909 3031 sanabat,

214 3054 389 3118 Mordebant
407 3060 512 3132 gentes
527 3051 667 3117 dentibus
681 3060 772 3132 atque
785 3053 861 3117 suis.

174 3158 424 3223 D’areabuteseris
439 3159 496 3222 iuit
517 3156 676 3221 infantaria
691 3174 798 3237 magna
814 3209 821 3239 ,

213 3261 251 3322 Et
269 3260 305 3323 de
320 3259 463 3340 niqueris,
480 3260 576 3341 erede,
593 3259 766 3342 triumphus
782 3268 856 3333 erat.
