2394 4148
410 361 565 433 ntronroui
585 380 792 424 rrrrnnrronrs.
988 366 1026 421 ott

178 497 242 558 tiue
256 495 291 558 ad
307 495 469 558 masselum
487 491 573 555 duxit
592 510 647 555 uos
657 493 872 574 induperator,

217 603 276 664 Nos
292 603 404 683 layssat
418 604 542 662 cunctos
559 604 651 676 atque
664 597 761 678 perire
775 598 864 660 fame.

177 708 302 784 Propter
318 708 450 783 pennatos
463 699 587 764 ueniunt
600 698 723 762 adversa
738 698 868 764 timenda
882 723 889 779 3

216 807 308 870 Ponit
322 813 352 869 et
367 804 566 885 omnipotens,
583 801 709 866 destruit
724 810 814 882 atque
828 807 932 866 matos.

175 912 231 973 Sed
247 911 327 973 lteus
341 908 371 971 in
387 907 483 986 coetis,
503 909 618 987 tunam,
635 908 789 984 solemque
806 908 989 986 gubernans.

214 1016 330 1078 Surdus
347 1022 411 1077 erat
426 1014 535 1092 iactus,
549 1018 658 1076 cuncta
673 1010 763 1090 petita
778 1029 902 1090 negans.

172 1122 235 1183 Non
249 1122 332 1200 jurat
348 1116 557 1199 Omnipotens,
576 1134 628 1180 neo
643 1118 708 1177 vult
723 1115 825 1179 audire
837 1116 989 1196 ribaldos,

215 1225 272 1300 Qui
287 1227 433 1306 populum
448 1224 589 1302 raubant,
608 1227 638 1284 et
653 1239 706 1283 sua
721 1224 832 1300 tempta
847 1229 952 1284 ruunt.

179 1331 304 1410 Gtrysas
318 1335 448 1391 sacratas
463 1329 566 1407 plures
580 1323 728 1388 destruxit
744 1324 920 1405 norrenses,

215 1431 262 1494 Ad
277 1430 379 1494 titiam
395 1429 488 1492 votuit
502 1437 593 1508 atque
606 1430 709 1491 notare
723 1429 835 1490 ionum.

178 1539 220 1598 lte
234 1537 342 1598 Sancta
359 1535 443 1596 Clara
458 1533 601 1596 moniales
616 1530 773 1609 relligione
786 1581 792 1610 ,

215 1639 296 1710 Quas
311 1643 377 1716 post
392 1637 562 1699 clausuram
576 1651 665 1698 nemo
679 1634 778 1698 ridere
791 1642 886 1715 potest
902 1656 908 1713 ;

177 1743 216 1805 Ει
232 1739 418 1820 Servantini,
434 1740 623 1803 marchentes
637 1738 674 1801 de
687 1739 762 1819 pede
777 1738 876 1816 nudo,

219 1845 276 1919 Qui
290 1860 446 1925 nunquam
460 1850 578 1908 cessant
592 1842 650 1906 rite
662 1859 788 1923 nrogore
801 1843 898 1905 Deum
910 1863 917 1920 3

181 1952 222 2013 uo
236 1951 387 2013 Nazareno
406 1948 601 2030 pulchrantes
615 1953 646 2009 et
667 1943 856 2025 Domicellae,

219 2054 291 2126 Quae
310 2051 518 2135 Krieteysones
530 2062 618 2114 nocte
631 2049 739 2128 dieque
752 2048 867 2112 eridant
881 2098 888 2128 ,

177 2153 355 2232 angelicam
370 2154 488 2234 faeiem,
505 2154 600 2216 serios
615 2171 774 2233 moresque
788 2160 946 2231 tenentes,

220 2264 276 2330 tt?
290 2256 367 2336 (Non
383 2263 537 2336 superaret
550 2273 601 2319 eas
616 2256 704 2335 tuno,
720 2256 866 2336 turena,
880 2256 993 2335 Venus)

180 2361 256 2422 Com
270 2356 408 2438 precibus
423 2355 540 2435 magnis
555 2353 690 2420 vicerunt
704 2357 935 2438 induperantem
953 2382 959 2420 :

166 2486 172 2491 ·
222 2463 358 2540 Namque
371 2459 457 2524 aliter
470 2466 551 2524 certe
568 2457 637 2522 villa
652 2466 781 2523 cremata
796 2461 881 2524 toret.

182 2565 358 2628 Gendarmae
371 2565 501 2627 clamant
514 2584 520 2625 :
537 2564 647 2626 donate
660 2561 768 2627 cibaria
783 2565 868 2628 nobis
881 2614 888 2643 ,

223 2673 323 2752 Cesar,
340 2690 394 2735 nos
407 2670 564 2752 morimur,
584 2690 640 2735 nos
653 2680 719 2735 tuat
733 2671 789 2735 ista
804 2673 897 2734 tames
915 2695 920 2733 :

183 2777 309 2856 Jejunus
323 2784 427 2840 tenter
442 2794 500 2839 non
516 2775 648 2855 bostigat
660 2794 741 2840 arma
756 2775 904 2855 libenter,

223 2883 263 2944 Et
283 2888 392 2962 praeter
406 2887 546 2959 mortem,
567 2879 610 2942 nil
628 2898 715 2959 mage
731 2881 814 2945 triste
828 2883 916 2946 tome.

183 2989 276 3051 Nemo
290 2989 427 3050 valemus
438 2983 516 3064 erit,
532 2983 558 3047 si
571 3000 630 3047 non
646 2983 798 3062 grignotat
817 2987 954 3066 abunde,

224 3091 262 3152 Et
277 3088 388 3152 virtute
401 3093 481 3152 naret
494 3086 554 3150 fort
567 3088 648 3151 bene
658 3104 800 3170 maygrus
813 3090 914 3153 homo.

185 3194 375 3271 {inperciatur
386 3191 429 3256 eis
444 3188 597 3272 respondit
614 3214 621 3254 z
643 3192 768 3272 quaerite
787 3192 919 3272 rictum,

223 3293 379 3371 tir-ignotot
398 3298 498 3359 nuilus
513 3301 626 3375 absque
644 3296 746 3359 labore
761 3299 866 3361 modo:

858 3406 875 3458 ‘t
