2394 4148
176 351 214 408 io
445 365 564 409 uurour
586 365 767 412 uuruurursu

172 477 363 554 Marquosum
385 482 517 558 trayturu
540 493 659 555 quoque
678 477 714 540 de
726 478 832 541 Suiuco
846 481 1004 564 monebat,

217 581 312 654 Quem
327 580 403 643 bene
426 586 565 642 tractarat
578 579 670 644 Gallia
681 587 782 643 nostra
795 580 885 644 nimis
900 605 906 644 :

170 687 210 750 Ut
222 683 355 764 proprios
370 685 456 746 sslhos
467 683 608 761 juvenem
621 684 685 746 Rex
700 691 841 766 uoyrerat
853 684 959 769 illum,

211 787 252 849 Lo
261 785 476 865 Murquisauum
491 783 697 866 hayiieratque
710 783 781 864 sihi3

171 891 242 952 Post
254 898 357 952 contra
378 888 522 951 Fransarn
543 886 635 951 voluit
649 889 759 952 donare
777 906 946 971 reversam3

218 992 464 1055 Esurervelhatur
486 992 628 1071 mundus,
644 998 772 1055 etomue
785 1009 892 1070 genus.

172 1095 236 1158 Rex
253 1093 296 1157 illi
309 1100 407 1157 toturn
428 1093 546 1157 donarit
559 1112 638 1174 saepe
656 1111 837 1175 goveruum,
920 1152 929 1179 ,

212 1198 256 1262 De
271 1204 332 1260 toto
353 1213 457 1277 campo
469 1213 521 1260 rex
545 1196 631 1276 quasi
646 1214 763 1278 semper
777 1204 840 1261 erat
855 1220 862 1259 :

171 1297 219 1361 Sio
231 1301 307 1379 rulo,
324 1297 365 1363 sio
377 1300 478 1378 jubeo,
502 1298 540 1362 sit
549 1318 603 1380 pro
615 1299 728 1364 ratione
752 1303 903 1382 velundae,

210 1402 313 1467 liicore
328 1412 400 1466 tunc
411 1410 541 1483 poterat3
558 1421 665 1482 guerra
680 1404 804 1469 timebat
818 1422 899 1469 eum.

171 1508 256 1586 Saeoe
271 1507 383 1568 bonurn
405 1510 549 1584 troppum
563 1504 605 1567 iet
619 1502 842 1583 diseoguosoere
856 1512 982 1588 gentes,

212 1611 371 1689 stultaque
391 1609 427 1670 de
447 1613 524 1670 resta
544 1605 637 1685 gloria
658 1607 754 1688 perdit
774 1625 836 1672 eas.

169 1713 217 1777 Ad
230 1709 290 1777 Vos
298 1720 366 1794 post
380 1711 461 1775 misit
480 1709 653 1789 cariquilhas
667 1710 778 1775 ordinis
790 1729 906 1795 omues,

212 1817 506 1899 Traytusuonteuto
518 1832 643 1878 munere
663 1813 857 1893 diguuserat.

173 1922 308 1985 Christus
327 1919 355 1984 ei
367 1935 522 1997 nunquam
541 1917 634 1999 possit
647 1919 757 1983 donaro
778 1923 925 2003 sulutem,

213 2024 365 2102 Languere
388 2028 418 2085 er
431 2022 563 2084 multum
587 2022 706 2101 quaudo
721 2024 856 2087 maiadus
868 2024 942 2104 erit;

171 2125 338 2190 Dummodo
358 2123 504 2204 vivamus,
524 2132 629 2204 penset
640 2143 692 2206 per
706 2133 840 2207 tempora
861 2145 973 2209 parra,

210 2229 275 2291 Nou
287 2227 363 2291 siuet
382 2227 504 2310 impune
525 2228 647 2293 Francia
662 2237 763 2294 nostra
778 2234 903 2295 malurn.

173 2331 330 2394 Aaronom
339 2331 448 2396 Levaru
469 2332 555 2396 duxit
574 2350 736 2412 secumque
751 2333 919 2415 ribaldum,
1040 2418 1044 2424 Ι

213 2433 270 2509 Qui
289 2435 365 2498 bene
383 2437 420 2500 de
435 2435 537 2517 lingua
557 2436 748 2515 guerregiare
763 2436 860 2518 sapit:

172 2539 210 2604 Se
229 2547 367 2622 traynare
387 2537 458 2602 iacit
478 2556 531 2618 per
550 2557 668 2621 mysos,
692 2547 726 2603 ut
744 2541 833 2603 homo
853 2547 986 2621 sancius,

211 2644 364 2721 Tanquam
379 2639 529 2719 relliquias
544 2641 661 2720 Spugoa
682 2641 796 2705 redotat
808 2658 899 2705 eum:

169 2741 596 2822 sanctosvirtutespaihauius
621 2744 750 2806 semblut
764 2742 794 2806 in
814 2746 920 2824 altum,

208 2847 331 2920 Quando
346 2861 504 2924 rogasoues
526 2842 645 2928 Gieysia
659 2862 744 2908 soora
758 2844 839 2908 facit.

167 2951 312 3024 Quartum
333 2965 526 3031 maymonum
535 2947 609 3012 mihi
621 2949 758 3029 seriolae,
780 2948 841 3013 sire
861 2949 1028 3032 Morinum,

209 3055 246 3118 Ei
261 3053 372 3117 similes
394 3069 536 3136 myguas‚
563 3056 650 3118 rerba
667 3054 827 3133 loquendo,
844 3061 936 3118 ieoet.

170 3158 312 3221 Perdoeet
326 3157 496 3237 Espagnarn
516 3176 568 3239 per
583 3175 710 3236 guerras
721 3157 875 3221 fraudibus
891 3156 953 3235 uti;

211 3262 320 3323 Contra
341 3260 501 3324 Francosos
512 3259 684 3324 consiliabat
697 3278 773 3324 earn.
