2394 4148
397 408 553 462 caroarour
575 409 781 453 rurruaronrs
977 394 1011 452 at

165 518 229 580 Non
246 525 368 582 trottare
383 517 452 581 tacit
466 520 634 599 borrellus,
651 519 769 598 quando
784 520 875 582 todtat

204 620 334 684 Tantirm
352 622 494 700 latrones
511 621 565 700 qui
576 624 654 685 bona
670 628 769 684 nostra
786 623 913 699 robant,

164 723 317 798 Quantum
331 723 472 788 fecissent
486 723 573 787 illum
588 727 727 806 galonare
741 734 907 786 retrorsum

205 828 248 891 De
262 827 339 891 bene
357 827 480 908 matino,
501 846 588 891 sensa
602 827 705 890 dinare
726 825 813 890 nihil.

165 931 337 995 Fossassent
350 931 436 994 illum
453 931 569 995 tantbm
584 949 637 1012 per
658 949 766 1011 corpus
780 938 810 995 et
824 949 911 994 aures
925 980 932 1010 ,

203 1033 287 1109 Quod
301 1033 357 1097 sibi
370 1034 513 1116 perpetuo
527 1037 662 1098 membra
680 1034 799 1099 dolenta
813 1034 922 1097 forent.

167 1138 335 1202 Parrbisius
349 1142 430 1203 solus
444 1139 554 1203 taceret
568 1146 690 1202 eentum
710 1136 843 1216 legiones
856 1158 863 1215 ;

204 1245 351 1307 prendere
366 1262 423 1307 noo
446 1250 555 1324 nosset,
576 1243 673 1321 erede,
696 1240 812 1304 diablus
827 1257 904 1304 eam.

167 1346 335 1409 Parrbisius
350 1346 471 1424 grandis
485 1355 531 1410 est
549 1345 629 1410 certe
648 1349 677 1410 le
691 1343 849 1408 Paradisus

207 1451 369 1516 Praesentis
383 1452 504 1530 mundi3
528 1461 573 1516 tot
591 1455 732 1533 populare
745 1457 840 1514 tenet.

167 1555 251 1619 Ultra
269 1553 395 1633 parlavit
409 1556 487 1633 quod
508 1557 619 1618 nollem
635 1553 731 1618 dicere
745 1550 854 1630 Vobis,

209 1655 266 1718 Sed
291 1662 401 1718 secreta
416 1654 502 1718 modo
516 1657 598 1718 nulla
609 1656 715 1719 tenebo
729 1653 796 1718 sibi.

171 1760 218 1824 Ad
237 1762 382 1840 populum
398 1766 496 1823 totum
510 1758 742 1838 dirergognatus
754 1757 785 1821 in
797 1756 861 1838 ird,

211 1862 361 1928 Follissias
376 1865 504 1942 grandes
519 1863 717 1944 gloredoando
730 1863 821 1927 refert
845 1885 851 1922 :

171 1968 211 2031 Le
226 1969 280 2032 Roi
294 1969 331 2032 de
343 1967 455 2033 Fransd
470 1986 540 2032 mon
555 1957 645 2032 Frere
658 1984 707 2031 me
721 1966 808 2031 modd
824 1974 919 2031 oercat
934 1989 942 2044 ;

210 2073 249 2135 Et
264 2080 365 2136 tamen
383 2071 562 2151 ignoroque
581 2072 696 2136 ratione
713 2070 793 2136 iacit.

171 2175 252 2238 Bella
267 2174 342 2237 mibi
359 2192 514 2253 nunquam
533 2176 708 2255 promiserat
722 2177 784 2239 ulla
798 2192 917 2239 movere
932 2197 938 2253 ;

211 2278 393 2341 Promissam
406 2279 514 2358 quaerit
526 2281 588 2358 jam
602 2279 714 2343 variare
727 2281 828 2344 fidem.

174 2384 420 2465 Embayssatores
439 2383 520 2447 misit
534 2402 698 2465 proponere
712 2401 815 2465 paoem
830 2434 838 2465 ,

214 2485 242 2549 A
256 2503 327 2549 mon
341 2485 535 2566 daumagium
548 2504 618 2566 gros
632 2489 708 2552 bene
722 2495 819 2552 oeroat
837 2505 913 2552 eam.

175 2587 259 2660 Quod
270 2592 346 2670 vult,
359 2588 424 2672 ipse
434 2593 500 2654 volo
517 2614 524 2654 ;
541 2592 620 2672 quod
636 2610 696 2655 non
708 2593 785 2670 vult,
799 2592 856 2654 boo
869 2607 925 2669 ego
939 2589 1023 2652 nolo:

214 2695 275 2758 Nos
293 2712 399 2758 sumus
413 2697 561 2776 accordes,
578 2716 633 2778 pax
651 2703 750 2759 tamen
770 2693 834 2777 ipsa
847 2697 931 2757 latet.

176 2796 291 2862 ltaliam
304 2799 391 2880 petit,
411 2799 527 2864 Italiam
542 2799 584 2864 sio
595 2800 661 2881 ipse
674 2798 793 2879 requiro
808 2822 815 2862 ;

214 2902 281 2965 Non
294 2902 382 2965 mibit
396 2902 486 2965 donat
499 2919 577 2980 eam,
593 2920 652 2964 non
668 2919 723 2981 ego
734 2903 811 2967 dono
830 2903 896 2967 sibi.

176 3004 260 3067 Heul
275 3021 330 3085 pro
345 3003 505 3089 paoebond
523 3004 604 3067 volui
617 3005 727 3069 donare
742 3022 874 3069 sororem

217 3105 252 3168 ln
270 3105 517 3188 demaribagium,
533 3108 612 3186 quod
626 3106 701 3170 mihi
714 3106 772 3172 rite
785 3111 892 3189 plaeet.

177 3206 361 3285 Garbugium
375 3207 460 3272 nobis
474 3227 579 3272 rursus
594 3209 704 3272 donare
716 3210 830 3273 laborat
846 3259 853 3288 ,

219 3308 303 3388 Saepe
320 3307 460 3375 minando
481 3309 566 3388 mitti,
588 3309 785 3392 militiamque
798 3318 902 3392 parat;
