2394 4148
262 356 280 407 e
500 371 527 412 l.
550 370 660 433 launi,
684 371 863 417 nnnsunnru.

261 499 382 562 erupere
405 483 514 564 agiles,
537 485 673 566 capitoni,
697 487 733 550 ad
751 489 864 551 bellum
879 488 1025 570 prompti,
1048 494 1106 557 suh

260 589 338 652 beno
352 589 486 671 Principe
499 591 588 670 boni,
605 594 661 656 sub
675 595 752 656 malo
766 594 877 673 peiores
893 643 899 673 ,
915 601 1014 658 eontra
1030 613 1105 676 pro-

260 695 358 776 prium
380 698 567 761 commodum
590 703 747 780 despectu,
763 716 816 780 pro
832 698 1003 763 vindicando
1017 700 1104 782 inju-

259 799 317 862 rias
332 799 387 864 sibi
408 802 499 865 lactas
519 804 696 883 quandoque
709 804 894 884 laborantes,
910 810 939 866 et
957 821 1104 869 nevarum

260 917 360 964 rerum
379 902 524 965 bonarum
539 903 678 968 varietate
692 905 865 986 gaudentes,
881 912 976 969 elsua
991 912 1104 972 statuta

258 1007 526 1071 eteonsuetudines
536 1008 787 1090 magnifacientes,
800 1012 885 1090 iuxta
896 1017 1012 1074 textum
1024 1009 1102 1074 inL.

259 1114 428 1176 Observare
448 1116 464 1194 ξ
484 1111 718 1195 Magnifucr'unt
735 1116 949 1179 Provinciuler
963 1117 987 1178 n
999 1115 1036 1177 de
1056 1114 1106 1198 os-

257 1218 327 1299 ficio
341 1216 553 1299 Proconrelr's)
571 1219 780 1299 Imperatorem
792 1218 914 1283 viriliter
927 1217 1105 1283 mortalibus

257 1318 348 1385 armis
363 1327 446 1383 extra
461 1318 646 1383 Prouinciam
661 1322 819 1401 erpellere3
842 1319 911 1401 quia
923 1326 1022 1384 eontra
1034 1320 1105 1399 jura

258 1428 373 1505 civilia,
389 1435 419 1492 et
433 1427 576 1493 rationem
590 1430 769 1509 naturalem,
785 1429 860 1491 bona
875 1444 978 1491 eorum
992 1443 1044 1508 per
1059 1427 1105 1491 las

257 1542 287 1600 et
301 1535 384 1599 nelas
398 1544 428 1598 et
442 1536 479 1598 ab
493 1537 549 1598 lmc
569 1541 599 1599 et
614 1535 650 1597 ab
663 1531 729 1616 hle,
747 1533 811 1597 sine
824 1529 1000 1598 conscientia
1014 1548 1106 1595 ecnu-

254 1659 324 1723 pare
341 1637 442 1704 voluit.
466 1638 534 1701 Vim
548 1637 628 1703 enim
650 1637 795 1718 iniustam
810 1637 838 1700 vi
858 1637 999 1717 repellere
1011 1633 1103 1717 lieet,

256 1747 342 1810 Text.
359 1745 389 1809 in
404 1749 438 1810 L.
455 1752 491 1807 ul
506 1745 585 1807 eim.
600 1745 632 1806 ff.
648 1744 684 1806 de
693 1742 825 1822 justitie
838 1749 869 1803 et
879 1740 965 1820 jere.
981 1740 1039 1802 Pro
1052 1740 1106 1805 de-

255 1849 389 1913 fensione
403 1864 503 1911 rerum
524 1863 646 1909 suarum
659 1845 775 1908 licitum
790 1841 950 1921 unicuique
963 1849 1020 1924 est,
1041 1859 1104 1906 nen

255 1955 352 2017 solnm
366 1950 470 2014 leviter
486 1950 658 2025 verberare,
674 1945 765 2009 immd
779 1945 931 2009 hominem
950 1948 1101 2033 decidere,

254 2064 290 2119 ut
304 2073 356 2137 per
370 2055 452 2117 Bart.
467 2051 700 2129 distinguentem
714 2049 744 2112 in
760 2050 795 2112 L.
811 2053 924 2114 Furem
940 2055 972 2117 ff.
988 2056 1030 2117 ud
1043 2059 1104 2120 Le-

252 2179 322 2242 gem
340 2157 518 2220 Cornelium
533 2155 569 2216 de
583 2154 729 2218 sicariis.
746 2155 803 2219 Sed
818 2155 886 2235 quia
898 2160 961 2222 haee
977 2161 1101 2226 materia

250 2267 342 2329 latam
363 2265 429 2345 jure
450 2260 581 2327 eontinet
602 2260 802 2343 farraginem,
829 2262 1099 2343 impraesentiarum

251 2368 378 2432 sufficiat
395 2368 460 2430 haee
482 2365 639 2446 retulisse,
665 2367 855 2446 protestando
871 2373 970 2431 tamen
992 2367 1098 2432 diebus

249 2471 361 2567 [priatis
375 2480 404 2536 et
417 2489 475 2534 nnn
490 2470 614 2551 leriatis,
630 2471 666 2534 de
680 2471 775 2552 laeto,
791 2469 823 2533 in
837 2469 923 2552 mari,
937 2480 967 2536 et
981 2471 1011 2536 in
1027 2489 1097 2536 nm-

250 2577 339 2642 nibus
353 2574 439 2640 terris
458 2572 574 2655 imperii
589 2624 595 2655 ,
611 2580 674 2637 tam
688 2573 723 2637 de
736 2575 804 2653 jure
817 2574 956 2639 canonice
971 2625 978 2656 ,
1003 2576 1095 2657 quim

248 2683 285 2746 de
297 2682 364 2761 jure
377 2678 472 2760 eirili,
488 2685 517 2742 et
532 2677 562 2739 in
578 2675 659 2741 saerd
672 2676 830 2756 Theolngiai
844 2727 851 2759 ,
867 2697 963 2758 usque
977 2681 1013 2743 ad
1026 2698 1095 2743 san-

247 2787 478 2851 etumlaeebum
486 2787 522 2850 de
534 2783 664 2864 Gallieid,
677 2785 755 2864 qrred
764 2803 815 2866 per
830 2804 956 2868 queque
967 2788 1092 2853 interius

245 2908 299 2971 pre
322 2888 424 2954 solatio
438 2887 663 2969 poetizabnntur
679 2940 685 2970 ‚
713 2907 772 2952 nun
787 2888 920 2972 intelligo
935 2893 965 2956 in
988 2895 1089 2957 Caesa-

247 2980 328 3056 ream
341 2991 523 3071 Maiestatem
538 2990 649 3072 aliquid
664 2992 776 3055 sinistri
789 2993 924 3073 abjicere.
941 2996 988 3061 Nil
1008 2995 1089 3061 enim

245 3096 361 3179 dicam,
384 3095 441 3160 nisi
461 3096 509 3161 illa
531 3114 598 3176 quae
616 3095 731 3177 publind
755 3096 946 3178 divulgantur
965 3101 1086 3181 ubique.

244 3207 340 3283 Quare
350 3203 448 3269 ralein
458 3203 592 3284 lteminn,
604 3211 764 3285 etmemnr,
777 3204 802 3267 si
810 3223 933 3290 merear,
942 3214 1006 3272 este
1016 3204 1086 3270 mel.
