2394 4148
403 428 557 482 cadumum
579 427 784 473 rnrnnaronrs.
984 412 1022 469 93

172 538 196 600 0
212 555 307 616 genus
322 536 475 615 ingratum
489 539 494 599 i
511 535 638 600 crudelia
655 543 771 615 pectem
785 553 860 599 caeca
874 537 880 595 1

216 646 293 707 Sunt
307 641 422 723 ingrata
437 641 525 705 nimis
542 659 663 722 cornera
681 648 776 704 restra
791 641 890 704 modu.

172 756 227 822 n?
240 749 348 812 Contra
370 755 453 811 tuam
475 746 632 810 Dominam
650 747 815 825 Fransam,
832 747 1023 825 guerrandu,

213 845 828 929 Ingratusnunquamprosperitaresulet.
863 847 1021 931 [rebellam

174 952 263 1016 Arisa
282 953 353 1033 quid
367 953 455 1017 iacies
469 952 603 1032 posthac,
624 957 655 1013 te
668 951 780 1014 Fransa
792 957 962 1033 monesiat‚

212 1056 334 1120 Francia
348 1075 402 1137 per
416 1073 534 1137 semper
547 1058 575 1117 ia
591 1061 643 1117 tua
658 1062 753 1118 mater
767 1053 824 1118 erit
839 1077 845 1116 z

174 1156 220 1220 dd
234 1159 375 1223 Fransam
390 1178 508 1241 semper
521 1160 611 1224 debes
623 1160 747 1241 baysare
765 1158 891 1238 peadas‚

210 1267 249 1329 Et
264 1267 390 1346 genibus
404 1265 491 1329 flexis
505 1267 583 1329 hanc
597 1266 749 1329 redamare
762 1266 849 1329 bene.

173 1375 245 1435 Plus
260 1390 345 1451 gram
362 1371 529 1451 serritium,
546 1370 603 1451 dic,
622 1371 688 1449 quis
707 1371 761 1435 libi
772 1373 849 1434 ferre
861 1372 980 1452 potebat
990 1417 1000 1448 ,

209 1485 266 1550 (β’
279 1478 374 1551 Quam
388 1485 417 1538 te
431 1476 482 1538 des
501 1473 612 1536 diabies
630 1474 819 1554 despegclare
833 1479 950 1538 manui

172 1585 280 1648 Nullus
294 1583 324 1645 in
343 1584 399 1646 huc
414 1581 526 1644 munde
541 1584 652 1644 saluam
672 1587 702 1644 ie
719 1580 842 1645 Francia
857 1580 926 1644 iecit
941 1603 947 1661 ;

211 1690 250 1751 Et
266 1688 291 1750 si
304 1685 398 1752 credis
413 1684 451 1766 ei,
472 1692 505 1747 iu
519 1687 597 1748 bene
616 1702 733 1766 semper
751 1684 810 1748 eris
830 1706 837 1749 ε

173 1790 238 1852 Non
257 1787 315 1851 eris
329 1786 458 1866 ingrata,
481 1805 519 1850 ne
534 1787 574 1850 sis
586 1804 658 1850 cane
675 1789 769 1868 pejus,
783 1794 813 1851 et
832 1803 952 1867 angue,

215 1893 350 1971 Ingratus
363 1891 500 1956 homines
514 1893 646 1955 mundus
665 1908 765 1956 amare
776 1890 866 1972 fugit.

173 1993 232 2056 Nus
251 2010 356 2056 sumus
375 1994 411 2057 ad
426 1992 590 2076 Christum,
609 1993 664 2056 tuli
678 1993 812 2057 vivamus
825 1993 933 2076 amici,

209 2097 402 2178 &spagnia
422 2115 475 2178 per
494 2098 638 2161 Fransam
652 2096 849 2162 dhrisiienata
869 2099 937 2162 fuit.

174 2201 275 2264 Unum
289 2198 476 2280 propositum
488 2219 548 2264 nnn
559 2199 694 2279 linquam
713 2200 811 2265 dicere
828 2220 951 2284 rerum,

211 2303 295 2376 Quod
309 2303 382 2366 dnm
396 2321 554 2385 propensu,
570 2303 649 2367 risus
661 2305 697 2367 ad
716 2322 765 2368 ora
785 2303 877 2369 venit.

171 2403 294 2475 Quande
306 2407 487 2486 seminabat,
502 2406 654 2486 fugiendo,
670 2424 793 2488 campus
812 2415 961 2472 atrassum
980 2454 987 2487 ,

209 2512 381 2594 Layssandu
399 2528 538 2594 naysum,
555 2529 587 2576 se
607 2511 756 2576 retirando
777 2512 858 2578 cito:

171 2615 282 2679 Omnes
301 2621 374 2680 tunc
388 2613 476 2697 viliae,
496 2633 550 2697 per
564 2633 638 2695 quas
650 2617 789 2698 passabat
808 2615 927 2695 eunde,

210 2719 248 2782 Se
268 2718 476 2798 defendebant,
492 2735 573 2781 arma
592 2720 721 2783 tenendo
740 2736 844 2792 manu.

169 2822 261 2885 Nemo
274 2821 337 2885 suis
348 2820 442 2900 iussis
456 2820 568 2900 aliquid
580 2841 683 2902 parere
701 2824 839 2904 volebat,

207 2926 265 2987 Pru
282 2923 375 2987 nihilo
389 2927 517 3005 populus
531 2931 605 2988 tunc
624 2928 782 3006 reputabat
795 2944 879 2989 eum.

172 3026 257 3089 Ullus
274 3027 311 3090 de
324 3045 416 3110 paysu
434 3045 493 3091 non
507 3046 539 3092 se
560 3028 702 3092 rendebat
716 3030 752 3092 ad
766 3029 886 3112 ipsum,

209 3132 365 3210 Tanquam
380 3135 567 3216 raynardum
590 3132 717 3213 quisque
735 3135 877 3199 cochahat
891 3149 974 3214 eum¹¹

171 3231 228 3296 Sed
243 3232 383 3312 quianon
398 3234 496 3318 potuit
510 3236 596 3300 rillas
614 3236 769 3303 devincere
780 3254 919 3319 grcssas;
979 3268 980 3273 ¹

210 3341 271 3421 Nec
289 3359 343 3405 sua
354 3360 514 3426 puyssansa
529 3345 673 3426 prendere
686 3352 786 3428 posset
800 3363 869 3426 eas,
