2394 4148
259 307 298 367 tu

256 433 281 496 0
300 437 411 495 nostrae
430 437 581 512 reparator
600 432 674 513 opis,
695 433 873 499 descendere
887 436 987 514 lapsos

297 537 337 600 Ut
351 538 463 600 releves
474 535 603 616 iterum,
619 542 649 599 te
660 536 737 601 hone
755 535 883 617 Christo,
899 538 1006 618 decet,
1063 565 1065 570 ·

258 635 295 700 lli
309 635 378 716 quia
392 654 473 700 nuno
491 643 589 699 totum
604 635 745 700 vitiarunt
760 636 862 701 ordine
879 654 1040 720 cosmum,

298 740 456 805 Mundaras
475 757 566 821 quem
577 747 611 804 tu
626 740 782 821 sanguine,
799 741 850 805 sed
862 739 994 822 proprio.

259 841 423 904 vastarunt
437 840 523 905 bellis
534 848 632 905 totum
646 841 815 906 exitialibus
827 843 929 906 orbem
946 864 952 904 :

300 945 397 1023 Reges
411 946 489 1008 heul
505 944 585 1008 inter
602 945 674 1024 quid
687 944 765 1027 parit
783 945 824 1009 ira
839 947 931 1010 duos!

261 1043 387 1125 Experti
405 1044 477 1124 quid
490 1047 567 1111 bella
581 1048 690 1127 ierant,
705 1048 862 1111 laudemus
874 1054 998 1112 ovantes

300 1155 407 1217 Pacem
421 1174 428 1214 :
452 1159 522 1215 sunt
533 1153 623 1230 iustis
637 1152 750 1217 sontica
764 1155 841 1218 bella
855 1156 932 1218 lues.
1017 1178 1023 1188 ·
1045 1139 1055 1155 ’

260 1254 420 1338 composui
430 1254 526 1320 varios
540 1255 611 1320 olim
625 1257 682 1320 sub
695 1275 771 1338 rupe
784 1274 926 1338 canores,

298 1362 377 1424 Dum
396 1360 511 1424 fueram
525 1358 620 1422 musis
637 1360 773 1442 iunctus,
793 1360 904 1442 Arena,
921 1357 992 1425 titis.

212 1515 220 1525 .
258 1466 356 1542 Nunc,
372 1481 453 1528 nunc
464 1470 559 1528 metra
572 1462 671 1545 silent,
684 1466 856 1529 tunduntur
870 1473 1003 1548 tempora
1016 1469 1114 1550 curis;

299 1569 434 1651 Occupor
447 1575 478 1633 et
490 1568 580 1648 iustis
593 1566 850 1634 sollicitudinibus.

260 1674 440 1756 Quantisper
453 1672 533 1754 rigui
550 1680 686 1754 quaerent
700 1673 822 1739 declivia
835 1675 933 1739 fontes
946 1725 953 1756 ‚

300 1779 380 1843 Dum
394 1784 494 1859 gamot
507 1775 675 1842 extinctum
689 1778 808 1856 garrula
827 1784 922 1841 mater
939 1778 1039 1860 Itym,

261 1879 302 1944 Te
314 1882 453 1959 recolam,
467 1886 499 1942 te
517 1893 634 1960 semper
646 1894 744 1956 agam,
760 1886 791 1942 te
805 1895 922 1960 semper
935 1880 1041 1946 amabo
1059 1904 1067 1944 :

299 1980 347 2047 Sic
360 1981 498 2046 claudent
517 1986 633 2044 nostros
647 1980 752 2044 lunera
767 1998 884 2046 summa
896 1982 969 2048 dies.
