2394 4148
204 347 242 407 71)
464 366 585 410 urruns
613 367 791 414 nnrnrrnrsa

203 477 320 550 Terras,
335 482 365 538 et
384 493 501 557 peyras,
515 478 662 558 31133133,
676 485 766 558 atque
784 481 919 560 lagotos,
998 479 1002 484 ’

241 577 281 640 Et
293 576 392 656 girbas
404 585 502 659 terrae,
523 578 650 659 plurima
664 579 745 659 ligna
760 599 879 662 quoque
895 607 900 646 :

201 683 303 761 Usque
316 684 500 764 capellanos,
520 684 661 765 infantes,
680 693 770 765 alque
782 686 916 765 rielbos,

241 786 279 847 Et
292 786 483 850 Servantinos
495 787 612 870 Gleysia
624 807 705 852 saera
719 791 816 854 dabat.

201 888 312 952 Nobilis
331 889 535 954 omnishomo
555 909 609 973 pro
622 893 733 956 Fransa
752 895 829 959 13113
842 896 978 975 laborat;

240 994 383 1072 Tempore
398 1010 574 1071 guerrarum
593 1014 695 1074 grossa
709 996 801 1076 fatiga
816 1007 913 1077 vogal.

200 1093 340 1157 Tristities
351 1104 488 1175 regnant,
509 1100 650 1161 mortales
661 1104 751 1178 atquo
764 1100 878 1162 dolores
891 1149 899 1180 ,

239 1199 381 1261 Planctus
399 1216 467 1261 cum
480 1199 605 1278 gemitu,
626 1209 693 1264 tum
708 1202 882 1267 lachrimare
896 1206 1023 1269 malum.

199 1302 296 1366 Triste
305 1302 376 1381 quid
386 1311 432 1367 est
441 1303 521 1368 aliud
530 1307 662 1387 bellum,
676 1306 868 1386 quammissa
880 1326 934 1389 per
945 1311 1052 1375 orbem

236 1407 425 1480 sffPublica
445 1414 617 1491 tempestas,
640 1409 846 1490 diluviumque
860 1413 995 1476 domus?

198 1509 278 1572 Bella
292 1517 398 1573 neoant
412 1510 560 1592 homines,
581 1511 693 1576 iaciunt
708 1513 772 1577 sine
786 1514 949 1579 honoribus
960 1534 1029 1580 aras

234 1621 291 1686 d?
303 1615 409 1693 Urbes,
432 1623 461 1678 31
475 1632 615 1694 agrorum
634 1617 853 1696 depopulantur
869 1634 950 1696 opes.

194 1719 257 1780 Heu
271 1720 276 1780 l
293 1718 394 1782 miseri
412 1717 463 1798 qui
474 1719 550 1781 bella
562 1725 672 1797 gerunt
684 1726 714 1781 31
725 1726 821 1782 oastra
834 1727 1006 1798 sequuntur
1018 1722 1023 1782 l

234 1820 466 1902 Tribolassones,
488 1829 518 1886 et
530 1824 608 1885 mala
622 1825 718 1886 multa
732 1823 844 1885 ierunt.

196 1924 235 1988 Et
248 1927 348 2005 plures
360 1926 495 1993 Dominae
508 1927 545 1990 de
560 1943 724 2009 capeyrone
735 1925 859 1990 triantes
872 1976 879 2007 ,

232 2029 297 2091 Non
310 2031 536 2109 expargnabant
551 2047 582 2093 33
597 2031 767 2093 trabalhare
779 2031 866 2092 bene.

193 2133 326 2196 Madame
347 2134 485 2216 d’Aleno,
506 2133 631 2198 Domina
644 2140 674 2197 31
686 2136 722 2197 de
733 2135 816 2198 Valle
829 2140 986 2216 potentes,

232 2235 275 2298 De
293 2237 507 2302 Bello-Julrooo
525 2240 657 2303 Madama
670 2241 782 2318 granda
801 2255 942 2320 quoque,

190 2335 229 2398 Et
242 2338 344 2416 plures
362 2339 438 2420 aliae,
459 2358 533 2420 quas
547 2359 605 2405 non
617 2358 683 2405 mea
697 2357 783 2404 musa
795 2347 928 2405 recontat
941 2389 951 2421 ,

230 2444 378 2506 Fecerunt
396 2445 515 2527 ragius,
532 2446 725 2526 carregiandu
737 2446 805 2509 3113.

191 2556 267 2619 Cum
281 2554 464 2639 terrayronis
483 2557 642 2636 portabant
662 2573 741 2636 saepe
755 2558 895 2619 banastas

229 2661 272 2724 De
291 2667 369 2725 terra
384 2663 498 2741 plenas,
517 2661 752 2738 congrarelando
773 2659 850 2723 rien.

190 2762 380 2827 Moriunduta
397 2761 465 2842 tuit,
481 2778 541 2824 non
556 2778 662 2841 penses
676 2769 722 2841 tu,
743 2767 845 2824 tamen
860 2762 941 2838 ulla;

228 2872 285 2939 (ff
295 2867 333 2928 Se
347 2871 447 2929 eontra
462 2864 566 2943 gardat
577 2865 636 2928 lort
648 2864 794 2929 muliebre
812 2881 919 2943 genus.

186 2970 291 3032 Postea
306 2985 458 3049 ramparos
472 2971 640 3049 perplures,
662 2976 691 3032 31
709 2969 868 3032 beroardos

227 3070 303 3133 Villa
318 3071 387 3134 13311
401 3071 504 3151 131133,
529 3071 701 3152 sumptibus
715 3071 779 3152 ipsa
793 3070 866 3135 suis.

188 3174 227 3236 Et
247 3181 314 3255 post
331 3173 505 3251 Marquesus
527 3175 563 3238 do
575 3175 664 3238 Gasto
679 3174 759 3238 lenit
774 3175 809 3237 ad
824 3173 919 3254 ipsam
935 3221 941 3252 ,

224 3281 307 3344 Hane
321 3296 390 3343 orrm
403 3279 572 3358 gendarmis
585 3278 733 3359 assugiaro
747 3287 866 3360 putans.

1042 1568 1052 1599 1
