2394 4148
405 373 560 426 crronrnnr
582 373 787 418 rnrenrronrs.
979 357 1017 414 53

169 483 218 546 Ad
231 497 371 563 campum
386 480 496 562 pedites
510 480 664 563 capiebant
675 499 772 562 usque
781 482 929 546 cabannas

209 587 311 652 Nostri
320 588 454 671 paysani,
470 606 556 651 sense
571 588 676 651 timere
690 605 809 652 renum.

170 689 209 751 Et
224 688 361 769 quamvis
375 689 479 752 furnos
492 688 602 752 iterum
610 689 772 769 l'Espegna
790 690 975 772 redreysset,

211 792 313 873 Atque
326 792 505 873 molendina,
519 793 604 856 blada
619 795 757 857 molendo
772 813 824 858 sua
840 816 846 872 ;

171 895 228 960 Per
242 896 303 960 virn
315 904 382 977 post
393 913 504 978 paysus
518 895 633 976 rumpit
647 896 805 960 crudeliter
819 896 903 975 illos,

210 999 346 1065 lluticios
359 1015 464 1064 omnes
478 1003 508 1063 et
523 999 700 1062 removendo
714 1001 829 1079 procul,

170 1107 281 1169 Bursas
293 1104 424 1184 garnitas
435 1110 559 1182 argento
574 1119 653 1183 saepe
666 1104 826 1181 galatam,

209 1208 283 1281 Quen
295 1204 417 1287 sibi-per
428 1224 537 1286 corpus
549 1205 656 1284 gaudia
670 1222 772 1284 grossa
782 1207 903 1270 debant.

170 1309 297 1393 Pnysani
314 1315 435 1391 portant
448 1308 651 1374 abilhamenta
664 1306 759 1372 veluti
770 1329 777 1386 ;

210 1417 334 1482 Rustica
354 1416 512 1498 progenies
533 1415 641 1480 nobilis
655 1412 752 1478 omnis
766 1422 840 1478 erat.

175 1518 356 1596 Barnagium
375 1518 445 1583 lecit
455 1525 535 1582 certe
553 1517 705 1581 Provincia
727 1524 851 1581 nostra:

212 1627 269 1695 (0³
278 1621 396 1685 Nostris
410 1620 549 1704 paysenis
563 1620 657 1699 gloria
671 1619 767 1683 danda
780 1620 871 1684 venit.

174 1725 255 1789 Ense
264 1723 342 1788 riam
355 1723 489 1806 rumpit,
511 1722 564 1804 qui
581 1740 633 1805 per
647 1723 794 1787 contraria
815 1729 932 1803 passat3

213 1832 242 1894 ls
256 1833 334 1893 mala
352 1829 513 1910 cognoscit,
527 1827 579 1908 qui
589 1829 666 1892 bona
680 1830 775 1890 multa
795 1826 882 1908 sapit.

179 1934 222 1996 Tu
238 1951 358 2014 quoque
378 1935 424 1998 lac
447 1933 544 1998 simile
555 1932 706 2016 paysanis,
720 1933 839 2011 Spagna
853 1929 1004 2010 cridahat,

211 2042 316 2105 Nullos
327 2059 481 2123 esparnes,
508 2040 628 2120 quondo
639 2047 725 2103 tuere
738 2044 823 2119 potes
836 2060 843 2100 ε

172 2145 310 2222 Antessa,
321 2161 437 2206 emessa
450 2143 588 2222 villanos,
605 2149 704 2225 trayte
722 2143 861 2219 canelha;

212 2245 322 2307 Nullus
335 2244 389 2322 eis,
405 2260 518 2322 quaeso,
530 2250 643 2322 parcat,
659 2258 759 2306 amore
770 2242 834 2307 Dei.

173 2348 351 2410 Amercesse
363 2346 448 2410 decet
468 2345 636 2423 guerrando
659 2345 803 2424 prendere
817 2349 927 2428 nullos,

214 2451 327 2515 Omnes
347 2466 493 2532 paysanos
503 2464 585 2513 arma
594 2455 718 2513 cruenta
732 2456 819 2515 tuent
834 2474 840 2513 :

174 2557 250 2620 Cum
268 2573 324 2619 nos
345 2556 472 2619 saldatos
487 2554 589 2619 villani
603 2556 748 2638 prendere
764 2563 902 2636 possunt,

218 2657 279 2740 lpsi
303 2676 358 2722 nos
376 2659 520 2749 mandent
534 2667 634 2741 presto
646 2658 746 2723 ridere
759 2658 856 2720 Deum
871 2679 877 2718 :

173 2762 344 2826 Arransonc
355 2763 460 2825 volunt
472 2763 649 2840 gendarmos
658 2761 804 2842 prendere
818 2760 935 2840 nullos,

215 2864 282 2928 Non
296 2882 372 2944 opus
393 2870 439 2926 cst
449 2861 540 2925 etiam
549 2864 585 2926 de
594 2862 704 2943 pietate
715 2861 808 2941 loqui.

174 2967 248 3030 Plus
261 2972 417 3047 peramant
427 2971 556 3028 mortem
566 2963 681 3042 seldati,
698 2979 788 3042 quam
807 2964 884 3027 hona
899 2969 1028 3050 cunctap

213 3069 287 3131 Plus
310 3084 401 3148 quern
424 3066 545 3131 borrelli
558 3063 727 3131 carnificare
747 3067 855 3131 solent.

174 3171 232 3234 Sed
251 3177 352 3236 temen
373 3172 411 3235 ad
431 3186 535 3235 verum
559 3185 687 3253 papsans
702 3186 761 3232 non
781 3188 860 3252 saepe
879 3170 1025 3251 tuebant,

214 3273 258 3335 lle
271 3274 456 3361 ransonendo
469 3272 599 3338 maxima
613 3289 722 3353 guerra
740 3272 808 3337 luit.
