2394 4148
343 385 499 438 erroneus
520 383 727 430 ruruuurorrs.
942 367 980 425 33

134 493 258 557 Arboris
271 511 361 557 omne
375 511 471 572 genus
492 493 562 555 iecit
575 492 702 555 destrale
714 506 819 570 cupere

174 599 217 662 De
232 616 322 678 prope
341 601 370 661 la
385 597 486 660 villam
503 620 510 658 :
527 613 614 660 cause
640 596 756 658 deleme
772 593 840 656 fuit.

134 702 321 768 (Iioeheriuur
340 703 503 783 pulchrum
517 697 671 778 sanctique
683 697 805 762 ioannis
819 696 970 776 Aquensis

171 806 501 898 Foygaruutxmulruru,
517 804 593 866 forte
613 800 744 865 cerardo
759 800 874 880 pedem.

132 910 236 973 Plures
250 911 403 973 martellus
418 909 454 973 de
467 909 546 972 ferro
558 921 698 985 rumpere
712 903 771 966 ridi
779 953 786 985 ,

172 1015 287 1077 Ponere
301 1030 354 1093 per
365 1019 477 1075 terram
492 1011 611 1092 quando
623 1014 741 1076 volebat
755 1030 824 1076 euru
840 1035 846 1074 :

128 1118 196 1180 laur
223 1114 308 1195 quasi
321 1122 487 1195 perventus
498 1113 584 1177 illum
598 1116 760 1179 tremblare
778 1115 933 1196 videbam,

166 1217 205 1280 Et
233 1224 314 1280 totus
328 1219 456 1298 populus
471 1218 529 1281 iort
543 1219 712 1296 regreiubut
726 1234 796 1281 eum
815 1239 821 1295 ;

132 1320 192 1383 Sed
213 1338 378 1400 numquam
399 1321 496 1403 putuit
510 1322 824 1403 Mestruseourpunere
838 1323 927 1386 suem
942 1344 948 1384 :

168 1423 217 1488 Sis
241 1422 403 1503 escapavit,
416 1421 580 1486 auxiliante
590 1423 662 1486 Deo.

139 1525 329 1592 Desturbarit
341 1541 413 1589 eum
426 1526 596 1606 u’uspagna
609 1542 717 1604 guerra
737 1526 879 1606 maligna,

170 1630 283 1692 Versus
298 1629 400 1706 Aquas
415 1626 546 1708 veniens,
564 1645 618 1708 pro
631 1629 763 1693 iaciendo
778 1633 900 1694 malum.

134 1731 358 1794 Avuncursures
372 1726 556 1807 Brignularn,
565 1729 687 1808 jamque
699 1731 861 1810 balalharu,
877 1797 878 1801 ,

171 1838 214 1900 De
238 1854 327 1917 passu
343 1835 373 1897 in
388 1853 478 1915 passu
492 1842 587 1914 peste,
603 1834 753 1915 eridundq
767 1835 859 1898 venit.

135 1940 233 2013 Quare
246 1937 385 2022 layssavit
408 1945 475 2018 pust
484 1935 643 2001 fortificare
657 1939 685 2000 la
701 1936 821 2016 i‘iliam3

175 2044 251 2107 Nam
266 2029 324 2106 sibi
339 2041 518 2122 pernimium
537 2048 611 2105 tune
624 2043 714 2106 brer-e
728 2050 848 2123 tempus
861 2050 943 2121 erei3

145 2147 187 2210 Ac
202 2145 260 2209 cito
278 2152 344 2234 post
364 2145 431 2209 iecit
452 2153 545 2209 tutam
559 2164 674 2210 cessere
688 2146 843 2226 bisognam
862 2171 868 2210 :

176 2251 224 2317 Sic
238 2250 303 2315 siue
315 2250 435 2314 defensa
449 2248 519 2312 villa
531 2250 632 2314 relicta
647 2250 724 2314 fuir:

140 2355 180 2416 Εῑ
203 2370 255 2435 per
279 2361 421 2417 centones
432 2352 543 2416 iterum
561 2361 709 2435 rrumpere
720 2356 852 2435 sonarit3

180 2459 222 2520 De
233 2455 324 2520 rantis
336 2455 426 2520 eridis
440 2457 695 2536 tuncquasifarsa
711 2457 767 2521 suit
783 2483 788 2521 :

141 2561 326 2641 Trompande
348 2559 448 2623 villam
467 2560 605 2640 sequitur
619 2560 771 2641 quadrivia
785 2571 844 2625 tora
858 2612 866 2642 ‚

182 2662 347 2730 Admenuit
360 2668 506 2747 populum
518 2684 588 2730 voce
601 2673 747 2730 tremente
761 2664 815 2728 sui
831 2689 838 2728 :

26 2749 29 2753 ⁴
143 2769 226 2842 Quod
238 2768 419 2847 quicumque
434 2771 512 2831 velet
526 2768 626 2831 villam
646 2772 776 2851 iayssare
789 2768 947 2848 triantem,

181 2874 268 2937 Nunc
277 2872 371 2952 fugiat
386 2881 497 2954 preste,
514 2889 573 2951 que
587 2874 665 2935 volet
679 2872 747 2936 inde
759 2880 859 2958 petam

143 2976 223 3038 iutra
240 2993 353 3055 sexque
367 2975 429 3039 dies
457 2991 560 3036 ornnes
574 2974 699 3053 ferragiu
712 2984 831 3056 portent
844 3025 853 3058 ‚

92 3104 93 3107 ¹
181 3081 331 3159 Bladaque
345 3096 415 3143 cum
428 3077 533 3159 bessis,
548 3078 801 3160 mayuagiumque
813 3083 909 3160 seras;

142 3182 205 3244 Aut
228 3182 325 3263 aliter,
341 3181 444 3262 lapsis,
467 3179 666 3261 passatissire
687 3181 811 3264 diebus,

182 3286 304 3349 Fruueia
328 3304 396 3350 eum
411 3303 518 3363 guerra
534 3282 718 3363 saquegiarer
736 3304 796 3349 eos.

814 3397 832 3452 ὃ
