2394 4148
244 369 263 428 b
580 383 607 424 a.
631 381 741 444 nnana,

242 500 304 556 tam
318 479 492 571 elllagitantss
507 493 568 556 Tua
581 503 678 559 tamen
687 480 845 572 singularis
853 490 1023 555 humanitas
1033 507 1084 556 me

239 605 354 668 hortata
368 610 414 669 est
427 602 590 686 plurimirm
605 652 612 684 ,
628 610 662 665 ut
672 620 708 666 ea
724 599 849 665 seribere
867 618 926 664 non
942 615 1079 682 vererer,

239 706 383 786 quaecdm
394 707 430 770 ad
438 704 589 785 dignitatis
601 694 920 785 splendoremtumad
930 695 1080 767 excellen-

238 809 361 873 tissimae
382 809 477 873 laudis
502 817 560 873 tura
582 809 705 888 gloriam
725 808 872 890 pertinere
892 808 1076 889 iudicantur.

238 914 310 988 Quis
326 912 417 995 enim,
431 913 487 977 nisi
497 913 780 994 singularijingenio,
794 913 1010 994 excellentique
1026 915 1078 978 do-

237 1015 342 1096 mnini,
357 1015 522 1096 materiam,
532 1017 693 1096 laudesque
703 1015 885 1097 tuasjposset,
897 1034 956 1080 non
966 1016 1075 1096 dicam,

237 1119 404 1200 eloquentia
417 1121 552 1184 decorare
566 1170 572 1198 ,
588 1121 639 1184 sed
652 1120 873 1185 enumeratione
895 1120 1048 1202 complecti
1060 1124 1077 1183 ‘l

237 1221 329 1284 Tanta
343 1219 423 1284 enim
436 1227 481 1284 est
501 1221 761 1286 innumerabilium
784 1221 929 1285 virtutum
953 1229 1075 1285 tuarum

237 1325 407 1407 multitude,
423 1334 457 1391 ut
471 1326 501 1391 in
516 1326 558 1392 eis
572 1327 757 1392 recensendis
771 1346 830 1392 nen
845 1326 945 1392 minius
963 1326 1075 1407 negotii

237 1429 286 1512 sit,
298 1429 387 1509 quam
401 1428 431 1493 in
443 1431 650 1495 enumerandis
664 1431 737 1495 Coeli
751 1431 893 1496 sideribus
912 1432 1071 1495 elaborare.

236 1536 387 1612 Quantum
402 1536 482 1601 enim
504 1545 533 1602 et
553 1537 708 1619 prudentii
720 1520 731 1620 ',
753 1545 782 1603 et
800 1537 931 1603 bonitate
950 1539 1069 1615 valeas;

235 1637 382 1720 quantiam
398 1639 524 1720 denique
537 1639 568 1703 in
582 1641 638 1704 alio
659 1639 762 1720 quovis
782 1639 868 1704 titulo
881 1638 975 1703 laudis
993 1658 1073 1721 prae-

234 1748 306 1823 stes,
322 1760 454 1823 unquam
477 1743 543 1823 quis
558 1744 684 1809 seribere
698 1748 821 1824 posset?
849 1744 945 1816 Quare
958 1742 1070 1806 nemini

233 1845 343 1910 mirum
353 1847 443 1911 videri
452 1848 538 1910 debet
550 1896 556 1926 ,
575 1847 598 1909 si
612 1847 785 1909 Franciseus
795 1848 859 1909 Rex
871 1853 970 1909 noster
984 1847 1072 1911 Clari-

234 1950 442 2029 stianissimus,
458 1947 622 2025 teboctali,
638 1955 758 2027 tamque
769 1950 908 2028 praeclaro
918 1948 1070 2029 dignitatis

231 2075 354 2122 munere
368 2059 537 2120 decoratum
548 2053 584 2117 iri
600 2054 733 2119 voluerit.
749 2056 1071 2139 Haeeenimsuntprae-

228 2156 298 2239 mia,
314 2175 382 2236 quaa
403 2154 581 2219 incredibilis
595 2153 641 2218 tui
654 2154 764 2235 ingenii
778 2159 971 2240 magnitudo,
995 2167 1068 2242 pul-

227 2261 371 2325 cherrima
385 2259 565 2342 optimorum
577 2259 691 2341 iurium
705 2263 812 2343 studia,
824 2267 944 2343 elegans
954 2265 1070 2332 dicendi

227 2364 307 2444 copia
322 2371 511 2447 pepererunt.
527 2366 619 2431 Taceo
633 2366 752 2430 interim
765 2367 795 2430 in
811 2386 913 2432 omnes
927 2370 1068 2434 humani-

223 2475 316 2532 tatem
325 2476 355 2532 et
369 2468 566 2533 clementiam.
583 2471 640 2534 Sed
660 2488 697 2534 ne
709 2471 804 2534 videar
814 2470 1068 2538 oblitusamieitiae

226 2580 347 2655 nostrae,
363 2580 394 2638 et
411 2591 449 2638 ne
463 2572 589 2638 incidam
603 2573 632 2638 in
645 2573 675 2638 id
687 2574 873 2655 proverbium
887 2579 966 2657 quod
977 2577 1068 2657 vulgo

225 2675 284 2740 dici
297 2679 382 2755 solet,
399 2679 476 2758 quod
491 2678 575 2741 abest
593 2679 629 2742 ab
646 2681 742 2758 ocule,
758 2679 787 2743 id
804 2697 922 2760 quoque
933 2681 1066 2746 abesse'a

225 2781 329 2860 corde;
352 2780 423 2860 quid
436 2780 517 2844 enim
532 2781 656 2845 sentiam
680 2784 716 2847 de
736 2781 793 2847 isto
812 2785 1009 2865 Imperatore,
1035 2792 1065 2848 et

223 2884 295 2964 quid
307 2887 384 2949 lama
394 2885 509 2968 publiea
523 2894 617 2969 sonet,
632 2886 699 2951 stilo
711 2896 811 2953 nostro
821 2888 930 2968 agresti
940 2887 1062 2970 podtice,

222 2992 348 3073 expletis
362 2992 519 3057 fastidiosis
534 2993 659 3073 negotiis
672 3002 782 3059 nostrae
794 2997 965 3059 clamorosae
975 2995 1066 3060 curiae

223 3096 309 3160 Villae
320 3098 351 3160 S.
368 3099 404 3161 R.
420 3097 641 3180 certioremque
656 3099 758 3163 solatio
769 3106 799 3162 te
813 3099 932 3162 reddere
940 3106 1064 3162 conatus

222 3217 300 3264 sum.
315 3202 418 3282 Neque
429 3202 508 3266 enim
520 3203 606 3267 illum
617 3203 719 3267 mirari
728 3202 798 3266 satis
811 3208 936 3282 possunt
946 3201 1063 3283 sapien·

222 3313 277 3388 tes,
291 3308 342 3386 qui
361 3314 421 3371 tam
440 3308 593 3389 audacter,
609 3310 721 3388 absque
733 3304 808 3386 juris
828 3303 955 3387 ratione,
972 3325 1063 3372 ausus
