2394 4148
165 351 204 405 Μ)
429 361 549 405 turona
571 360 752 407 nnrnnrntsa

165 473 324 550 Perpetuos
337 469 380 532 ini
394 477 547 534 conseruet
561 469 696 551 luppiter
707 487 829 550 annos,

207 573 244 635 m
257 572 313 636 sibi
327 576 505 654 complaceat
519 572 617 636 omnia
631 583 695 637 vota
708 575 805 636 Deus.

167 682 391 743 Procuratorem
406 678 508 757 Regis,
524 678 576 756 qui
590 678 712 742 crimina
726 687 829 742 oercat
843 729 852 760 ,

209 785 372 863 Poulenqui
387 783 548 847 Dominum
563 785 651 846 uellet
667 783 777 845 habere
791 783 934 847 bonum.

168 888 195 946 is
215 888 290 949 bene
304 893 453 966 procurat,
470 903 587 966 semper
604 904 657 966 pro
671 887 752 962 nege
765 886 930 950 trabalhat
944 937 954 967 ‚

206 991 370 1053 Esmendas
384 1007 502 1069 grossas
516 992 645 1070 postulat
660 994 750 1065 atque
763 987 874 1048 bonas.

168 1094 314 1157 Continuo
328 1096 452 1172 clamat,
473 1111 524 1156 seu
541 1111 573 1156 se
587 1097 753 1156 courrossat
767 1087 799 1150 in
814 1088 883 1169 ira,

207 1198 315 1260 Contra
332 1196 507 1278 palhardos‚
523 1195 576 1274 qui
591 1197 666 1256 mala
682 1211 799 1276 semper
813 1201 941 1272 agunt:

167 1302 338 1362 Pandantur
354 1298 445 1383 trayti
459 1318 511 1379 per
525 1300 623 1363 furcas
636 1349 643 1379 ,
658 1305 749 1376 atque
763 1295 871 1360 ribaldi
885 1319 894 1376 ;

204 1406 429 1485 Escartayretur
443 1421 476 1466 ao
491 1402 635 1465 homicida
651 1403 767 1479 malus;

169 1511 225 1570 Per
240 1525 323 1571 mare
337 1511 383 1571 rol
405 1510 512 1571 radant
526 1507 616 1585 Regis
633 1523 740 1584 rogare
754 1507 889 1585 galeros,

208 1614 357 1676 Cadenam
371 1612 496 1693 pedibus
511 1630 628 1693 semper
642 1611 776 1675 habendo
790 1611 920 1674 bonam.

170 1719 205 1780 m
224 1715 379 1779 rationales
393 1717 551 1779 demandat
571 1733 649 1796 saepe
663 1713 818 1792 Magistros
833 1764 840 1794 ,

210 1824 350 1888 Denarios
370 1822 460 1901 Regis
480 1822 532 1901 qui
546 1821 668 1885 retirare
683 1822 789 1884 solent.

171 1933 212 1993 be
231 1932 325 1993 Vensa
341 1929 501 1992 Dominum
516 1929 567 1990 des
581 1933 713 2007 comptos
727 1928 755 1988 le
769 1923 972 1991 Pricidentem
986 1978 997 2008 ν

209 2032 266 2104 Qui
281 2038 385 2109 sognat
400 2033 556 2111 populum,
573 2030 645 2093 dum
659 2027 805 2092 benedicit
819 2044 901 2091 eum.

168 2132 346 2196 Amandum
362 2134 477 2195 sarium
491 2183 497 2212 ‚
514 2132 619 2212 grandi
633 2132 743 2195 uirtute
757 2131 901 2194 refertum
915 2180 923 2210 ‚
1031 2207 1034 2213 Ι

209 2237 312 2300 Libros
327 2236 379 2315 qui
392 2237 503 2300 archivi
517 2246 619 2301 mente
631 2236 728 2300 rirare
741 2235 818 2316 sapit
831 2256 838 2315 ;

169 2341 296 2404 Vitalem
311 2341 484 2421 Dominum,
504 2341 555 2421 qui
569 2350 678 2405 testam
690 2342 752 2420 jam
764 2346 847 2404 tenet
860 2342 990 2422 albam,

211 2446 335 2524 Propter
350 2443 514 2507 doctrinam
530 2462 620 2523 quam
636 2461 688 2506 sua
705 2449 782 2507 testa
796 2450 879 2506 tenet
894 2466 904 2505 :¹

171 2545 224 2609 Isti
238 2553 299 2610 tres
314 2552 432 2609 tantum
446 2544 494 2609 hio
510 2546 589 2624 regia
603 2548 669 2625 jura
685 2547 874 2625 gubernant,

215 2649 423 2713 bammanium
439 2657 574 2727 serrant,
590 2647 785 2726 denariosque
799 2647 902 2710 tirant.

173 2751 212 2812 Et
226 2751 400 2816 Generalem
415 2750 591 2815 Guerimum
604 2752 633 2813 lo
652 2751 910 2828 Loggatenentem

214 2853 337 2930 Quaerit,
353 2852 510 2916 consilium
524 2855 613 2916 vellet
625 2853 735 2916 habere
750 2868 850 2915 suum.

170 2951 409 3015 Particcolerium
423 2955 459 3017 de
473 2956 678 3018 Bella-monte
692 2955 831 3033 volebat,

213 3051 270 3124 Qui
283 3053 359 3117 bene
373 3055 515 3135 demetat,
531 3073 600 3118 cum
615 3055 728 3118 ratione
742 3058 819 3119 bona
833 3076 838 3116 :

172 3159 398 3221 Procuratorem
412 3159 554 3241 Tadeum‚
569 3159 712 3223 eercando
728 3159 855 3223 ribaldos

214 3263 301 3327 Utilis
316 3265 351 3327 ad
369 3267 486 3347 fiscum,
504 3266 593 3344 Regis
614 3267 741 3330 amando
757 3268 846 3329 bona.
