2394 4148
428 355 583 408 emortum
608 358 813 405 mrumrems.
1008 351 1046 409 35

194 462 321 527 Milemrs
341 465 458 548 Rissus,
481 466 533 546 qui
555 470 640 532 valde
665 468 892 553 suppeteret,

234 570 411 634 Bertomeus
434 573 525 635 freter
549 573 665 637 Rissius
678 583 770 656 atque
785 595 877 658 suus,

193 671 318 750 Fabius,
335 673 579 756 memineritis,
595 695 704 757 parvus
723 679 901 743 coterellus.

235 776 351 856 Vitelis‚
371 777 481 857 Sirius,
503 779 730 860 Daugeriusque
744 781 846 863 simul,

192 879 345 960 Burriiim,
360 879 447 961 Cleri,
461 881 619 964 Delbertis,
638 891 669 947 et
681 883 820 964 Pelieuti,

230 987 358 1064 Puusus,
373 983 521 1065 tullianis,
536 985 621 1048 Flute
635 987 744 1051 teletus
758 990 868 1065 home,

190 1088 246 1150 Per
261 1093 353 1150 tutem
368 1085 469 1151 urtam
480 1103 586 1152 omues
598 1096 743 1153 secretam
767 1091 910 1156 docebam
931 1115 937 1154 :

229 1191 306 1252 Sunt
325 1191 475 1271 seereteri,
490 1190 548 1255 rite
560 1209 665 1255 cavere
677 1192 788 1256 sciunt.

188 1291 287 1354 Altius
301 1309 333 1355 es
347 1294 425 1357 serso
437 1312 492 1381 uos
510 1297 591 1358 ultre
609 1297 714 1359 tollere
738 1299 823 1378 uela,

226 1400 370 1462 Perlandu
386 1416 501 1480 verum,
518 1400 543 1464 si
560 1401 634 1465 mihi
645 1418 731 1464 muse
743 1403 838 1469 iavet.

185 1503 251 1565 Non
264 1520 320 1582 ego
334 1503 408 1565 falsa
420 1487 769 1582 loquor,uranenisehdu
781 1507 919 1570 batelhas
934 1556 942 1586 ,

224 1611 303 1683 Ques
318 1617 419 1674 contre
431 1610 573 1674 Frensam
594 1628 668 1690 gens
681 1611 800 1678 iuimiee
824 1618 937 1677 movet.

185 1714 246 1777 Cur
268 1714 342 1777 faeie
358 1721 489 1777 nostram
503 1720 582 1777 retro
596 1721 715 1780 temere
731 1697 920 1794 Camenam?

225 1817 264 1880 Ut
278 1815 353 1880 nihil
367 1816 513 1881 intactum
533 1823 625 1882 restet
643 1816 761 1882 abinde
786 1820 912 1883 bunum.

184 1925 240 1992 m?
251 1920 322 1983 lude
342 1919 585 1984 Forum-'iulium
605 1920 773 2002 d’Espegna
787 1938 911 2002 tempus
927 1921 1034 2002 arium,

224 2024 300 2098 Cum
313 2022 418 2102 grandi
426 2039 537 2105 pompe
552 2042 661 2104 guerre
675 2024 840 2106 triumphat
855 2024 907 2089 ibi.

183 2127 307 2190 Mostras
320 2127 385 2207 ipse
401 2145 470 2190 sues
483 2126 565 2209 seuit,
579 2129 753 2207 bendesque
767 2126 896 2207 revisat,

219 2230 258 2292 Et
272 2229 385 2310 pedites
395 2235 544 2308 numeret,
558 2228 742 2294 ‘consiliando
753 2232 848 2294 bunos
864 2254 870 2292 :

180 2330 280 2411 Atque
294 2338 507 2412 pergamentum
521 2332 671 2396 modicum
683 2350 735 2396 sue
754 2334 843 2397 bursa
859 2338 1012 2396 uomensat
1026 2354 1036 2411 ;1

218 2436 321 2500 Unum
338 2435 480 2498 ducatum
500 2432 623 2499 cuilibet
648 2435 713 2515 ipse
727 2434 818 2499 dedit.

176 2535 307 2600 Biscutus
320 2537 421 2618 duros,
437 2534 550 2599 iaciunt
562 2534 615 2617 qui
627 2552 767 2618 rumpere
788 2536 917 2616 demes,

217 2640 273 2714 Qui
292 2641 418 2704 mmmm
432 2641 535 2720 sorsat,
561 2641 682 2720 quaudo
705 2640 857 2704 remordet
879 2654 947 2719 eus,

176 2744 270 2824 Cepit,
286 2751 316 2807 et
327 2743 504 2814 innumeras
515 2740 577 2807 illic
592 2743 628 2806 de
648 2744 744 2806 classe
763 2739 894 2819 ferinas,
948 2781 951 2784 -

214 2847 365 2927 Armaque
378 2846 548 2926 gendermis
559 2863 687 2926 quaeque
697 2847 799 2923 galera
813 2845 916 2908 debet.

173 2951 366 3033 Adreysseuit
379 2950 421 3015 ibi
435 2957 600 3029 ermetem,
622 2949 795 3026 heredesque
816 2949 964 3024 relentes3

211 3053 287 3116 Cum
301 3053 486 3134 temhorinis,
500 3051 629 3135 plurime
643 3053 710 3115 fiire
730 3058 841 3116 tecam.

171 3161 313 3235 insegnas
327 3160 424 3238 lerget
446 3160 567 3224 blancus
579 3164 692 3221 armeta
708 3152 897 3234 triumphans

210 3261 354 3342 Grandes,
370 3281 439 3343 quae
464 3263 611 3332 emtum
625 3258 748 3329 eandida
765 3260 827 3323 vela
841 3257 956 3335 marist
