2394 4148
181 370 219 425 30
444 385 563 431 uarcna
584 386 761 434 nnmnrntsr

181 494 281 574 Atque
295 498 479 560 maturansas
494 503 591 561 tantas
604 498 711 563 suirire
725 498 884 582 bisognat,

218 599 302 674 Quod
312 602 396 665 dolor
407 603 549 665 alcunnos
563 603 592 666 ia
604 601 706 684 morir,
720 610 810 684 atque
823 605 934 671 tames.

179 708 413 787 Blasphemando
427 709 534 788 Deum,
549 710 651 788 plures
668 709 754 773 ilium
767 713 956 791 renegabant
973 740 980 778 :
1044 707 1050 713 ’

218 817 275 884 (ff
286 809 362 874 Cium
377 829 429 874 sua
444 810 511 891 quis
528 810 634 893 perdit,
650 830 756 877 sensus
770 814 852 879 abire
866 819 957 883 solet.

178 916 263 979 Uttus
276 916 365 978 homo
379 931 533 994 nunquam
548 923 647 996 nosset
661 925 780 983 contus
793 923 933 1000 querelas
947 974 954 1004 ,

216 1018 306 1098 Quas,
321 1026 442 1099 propter
455 1026 586 1098 gastum,
601 1020 695 1100 patria
709 1028 770 1085 tota
784 1021 875 1087 dedit.

177 1119 234 1184 Sed
246 1125 403 1201 postquam
418 1121 500 1201 vidit,
520 1139 573 1185 cnr
587 1129 707 1200 gastum
720 1122 841 1188 Francia
860 1125 927 1190 iecit
944 1177 952 1207 ,

218 1225 311 1288 Corde
324 1224 401 1288 buno
414 1225 494 1289 certe
508 1243 589 1289 nunc
600 1226 746 1306 patienter
759 1229 848 1292 habet
863 1250 869 1290 :

177 1323 283 1390 Omnia
296 1343 348 1407 per
366 1326 473 1391 melius
486 1328 624 1407 mgnum
635 1330 711 1394 iacta
722 1329 825 1395 tuisse.

216 1429 380 1494 Consilium
392 1440 528 1496 sanctum
541 1432 664 1496 Francia
678 1441 779 1498 nostra
793 1441 894 1517 tenet,

176 1532 216 1596 Ut
230 1533 303 1598 nihil
317 1534 347 1597 iu
361 1552 452 1619 payso
464 1553 517 1617 pro
529 1535 726 1615 grignotando
737 1539 868 1604 trobaret

215 1637 456 1720 induperatores,
470 1655 590 1703 necsua
609 1657 716 1719 guerra
736 1641 853 1721 gravis3

175 1740 218 1804 Ne
231 1751 329 1822 nosset
347 1742 432 1808 nobis
445 1745 566 1822 tongam
580 1743 690 1808 donare
703 1743 827 1823 raugam

214 1847 398 1926 Guerrando,
413 1846 444 1910 in
459 1846 553 1927 patriai
570 1846 596 1909 si
610 1846 757 1911 vitohalha
771 1848 857 1912 iuret.

173 1950 279 2028 Magna
291 1951 384 2014 tames
396 1950 500 2013 toubos
519 1951 555 2015 de
572 1951 661 2014 bosco
675 1951 813 2031 perfugat
826 1966 930 2014 omnes
945 1973 955 2013 :·

212 2051 266 2116 Hic
279 2054 339 2114 duc
351 2051 471 2132 pastura
488 2052 585 2118 vivere
599 2070 686 2118 nemo
698 2060 807 2134 potest.

172 2157 236 2220 Non
252 2155 328 2236 pluit
346 2156 376 2219 in
391 2155 503 2238 campis
516 2157 564 2223 hic
580 2161 647 2239 ptris
660 2156 845 2223 sanctissima
857 2173 967 2223 manna
984 2182 995 2220 :-

212 2258 334 2340 Carnes,
349 2265 380 2323 et
394 2277 485 2342 panes
500 2279 608 2342 corpus
621 2260 732 2324 habere
742 2258 828 2339 petit.

170 2362 217 2427 dd
232 2380 286 2426 nos
300 2363 455 2428 confestim
473 2360 635 2428 mandastis
647 2363 759 2442 grande
773 2379 923 2428 secorsum
933 2384 945 2439 ιΙ

211 2467 392 2530 Provensam
411 2474 544 2531 nostram
561 2465 683 2531 Francia
702 2483 820 2548 semper
831 2472 921 2531 amat.

169 2571 232 2635 Lou
250 2569 435 2637 tamborinus
451 2587 504 2653 per
521 2571 664 2636 Fransam
676 2576 777 2652 presto
792 2556 920 2648 tocavit',

208 2674 285 2737 Cum
297 2672 373 2738 iitris
386 2671 495 2752 longis,
509 2691 616 2752 guerra
627 2672 739 2738 cridata
750 2671 819 2735 tuit.

172 2779 282 2843 Tantas
295 2778 472 2858 gendarmas
486 2776 611 2856 invenit,
625 2796 678 2843 seu
690 2775 842 2857 legiones,

211 2880 296 2957 Quod
309 2898 464 2962 nunquam
482 2890 582 2965 posset
599 2899 686 2947 musa
701 2882 812 2946 reterre
824 2895 902 2944 mea.

171 2986 311 3052 Protinus
322 2987 371 3053 hic
381 2996 516 3053 restrum
528 2988 664 3054 voluistis
676 3006 786 3071 ponere
801 3001 960 3069 campum,

210 3091 250 3156 Ut
261 3088 369 3155 metiris
380 3099 480 3172 posset
493 3090 621 3172 quisque
633 3100 734 3157 tenere
747 3091 869 3172 pedem3

168 3193 208 3258 Et
219 3191 458 3274 gentilhomines,
479 3212 532 3276 pro
545 3193 677 3259 devmare
694 3195 818 3274 sistam,

207 3303 278 3368 Post
289 3301 451 3368 mandastis
464 3301 577 3381 Aquas,
595 3298 775 3381 respiciendo
791 3296 871 3371 cito,-
