2394 4148
428 378 582 434 nnrournur
604 361 809 426 rnrunrrnnrs.
1000 371 1032 428 tt

191 489 339 552 Aurelhes
349 486 457 553 drietas
471 506 523 569 per
542 504 660 569 campos
673 506 790 569 semper
803 489 964 571 habebant,

230 595 334 656 Posset
346 599 380 655 ut
394 591 424 653 in
448 610 545 655 nasses
553 593 641 673 preda
656 592 756 655 venire
769 610 840 656 suos
857 615 864 654 :

190 695 336 760 Estabant
348 693 462 774 vigiles,
478 694 644 774 intentique
658 713 707 758 era
724 696 875 775 tenebant,

231 799 263 862 Si
276 805 396 879 possent
410 797 523 876 aliquos
537 798 715 861 destrociure
726 797 815 861 viros.

189 902 311 975 Quando
325 901 517 964 raralhabant
527 901 632 963 suldati
646 901 681 964 de
691 902 915 983 fundannum,

226 1005 285 1068 Seu
299 1004 510 1067 s’escartabant
521 1010 607 1066 noete
619 1003 725 1081 dieque
739 1021 858 1084 parurn,

185 1106 291 1186 Adque
305 1108 414 1172 tamem
428 1115 548 1189 propter
560 1108 678 1186 quande
692 1108 727 1169 ad
742 1108 869 1186 terragia
884 1111 1010 1191 radunt,

226 1213 348 1275 Nostras
359 1212 494 1276 Bastidas
510 1211 711 1290 saquegiando
725 1211 837 1290 richas3

183 1305 396 1382 Aliadiabiesno
420 1315 545 1400 paysani
560 1318 604 1380 les
617 1317 826 1394 rernenabanr,

225 1424 268 1485 De
281 1422 375 1502 eapite
387 1421 419 1484 in
433 1429 545 1486 terram
561 1439 640 1502 saepe
660 1421 783 1485 rirandn
797 1423 904 1502 pedes;

187 1523 244 1588 Les
266 1525 460 1592 denudabant
473 1543 526 1606 per
536 1527 672 1604 bausens,
688 1525 808 1604 quando
823 1525 987 1605 potebbant
1004 1549 1010 1587 :

223 1628 374 1692 Gaudebat
384 1647 505 1712 paysus‚
521 1631 593 1693 dum
605 1630 770 1693 retalhabat
785 1647 835 1692 eos
853 1653 859 1692 :

182 1733 222 1795 Et
235 1732 423 1813 paufieabant
437 1743 592 1813 monetas,
607 1738 697 1810 atque
711 1732 846 1809 sodet053

223 1832 285 1895 illis
305 1850 359 1914 per
381 1834 484 1898 faeiem
498 1840 587 1912 ganta
602 1834 719 1897 dolebat
733 1832 788 1897 eis.

183 1937 292 2001 Orunes
306 1936 429 2020 paysani
441 1937 625 2001 destrossant
639 1935 771 2015 undique
785 1942 907 2015 gerres,

218 2039 359 2122 lupatria
373 2042 474 2104 nullus
494 2048 568 2104 tune
588 2041 664 2104 bene
686 2047 771 2103 tutus
785 2048 860 2104 erat.

182 2144 315 2207 Saldatns
329 2143 443 2222 aliquus
458 2143 582 2227 puysani
595 2144 713 2223 quando
725 2143 899 2225 pilhebant,

219 2245 300 2308 Finis
314 2253 378 2308 erat
391 2246 460 2310 vitae
471 2245 551 2327 prise
565 2247 683 2310 tanhusa
698 2263 771 2310 suae.

180 2351 245 2413 Non
260 2347 416 2412 ibantaliis
434 2365 569 2428 unquam
582 2355 700 2429 portare
714 2352 844 2414 novellas
862 2374 867 2414 :

220 2465 277 2532 tc?
286 2457 499 2522 Mortushomo
510 2472 668 2536 nunquam
680 2459 777 2537 perlat
787 2456 817 2520 iu
832 2476 883 2523 ore
897 2477 962 2524 suo.

178 2565 288 2628 Omnes
302 2562 469 2643 d'Espugua
481 2569 553 2626 tunc
564 2581 713 2627 amassare
732 2565 891 2642 volebant,
1002 2578 1006 2585 ·

214 2665 271 2740 Qui
279 2673 381 2730 eontra
394 2665 538 2729 Fransam
551 2666 765 2730 borbulhiandn
778 2673 901 2744 renant3

172 2771 229 2836 Sed
243 2773 401 2852 plusquam
411 2769 547 2832 homines
558 2768 736 2849 pretiabant,
750 2770 847 2850 erede,
860 2771 1016 2833 cavaihns:

212 2875 246 2936 in
267 2878 415 2952 quantum
438 2876 564 2951 poterat,
580 2888 667 2933 nemo
679 2871 782 2934 tuebar
797 2888 910 2949 equos:

170 2976 209 3039 ut
223 2975 292 3039 licet
301 2975 339 3039 ad
349 2980 469 3052 tempus
483 2987 552 3034 rum
567 2970 647 3033 dulei
660 2989 730 3035 voce
745 2972 911 3054 cridarent,

209 3079 328 3141 Fratres
341 3073 475 3158 paysani,
490 3073 528 3137 sit
543 3075 618 3138 hena
631 3090 750 3152 guerra,
770 3077 847 3138 bona
862 3099 869 3136 :

169 3180 277 3246 Osocii
288 3180 400 3260 dulces,
416 3198 497 3243 orus
507 3180 543 3243 de
561 3177 675 3243 semine
690 3178 812 3254 Christi,

208 3280 521 3363 Pareitenunenobis,
542 3281 583 3345 sie
595 3282 675 3345 Dens
696 3280 758 3363 ipse
771 3283 883 3361 Jubet:
925 3299 931 3307 ’
