2394 4148
405 341 559 394 senecioni
581 342 786 389 aunanaaeais.
988 329 1019 388 3l

174 452 214 524 Ul
228 453 304 515 bene
317 452 482 532 palparent,
503 451 596 514 oculis
607 459 637 515 el
652 459 758 516 cuncla
772 451 903 514 siderent
917 501 924 531 ‚

214 555 246 618 Si
260 558 287 619 le
299 572 422 635 campus
436 553 477 618 ibi
489 561 588 635 posset
600 556 710 618 habere
723 556 832 618 lecum.

174 656 315 738 Princeps
328 659 367 721 de
377 657 483 738 Melia,
500 659 669 738 Stephanus
688 657 729 721 sic
742 657 805 738 ipse
821 658 983 740 Columna,

213 760 252 822 El
270 761 517 842 Mcnlegehanus,
540 768 570 824 el
583 762 756 824 Bona-Vale
773 759 883 842 simul,

172 863 318 927 Viderunt
332 866 412 928 recte
424 871 496 928 tunc
512 862 658 928 territoria
672 867 767 928 multa
782 913 789 943 ‚

212 970 285 1043 Quae
297 972 403 1032 saltem
423 968 490 1032 villa
503 968 585 1032 dives
599 968 750 1048 Aquensis
765 971 865 1035 habel.

171 1074 252 1136 lnler
267 1092 317 1137 ecs
329 1092 436 1136 aursus
446 1072 505 1159 luit
522 1082 552 1136 et
568 1073 719 1138 conclusio
733 1075 829 1155 lacta,

210 1183 250 1245 Et
265 1182 324 1244 Vos
342 1198 396 1261 per
414 1171 531 1261 postam
550 1178 738 1244 certificando
756 1177 832 1257 citi3

170 1286 269 1366 Salpia
284 1284 399 1349 Baneti
409 1283 594 1367 montagnis,
611 1290 702 1363 alque
715 1283 863 1364 Thoasse‚

214 1392 319 1453 Posset
333 1389 374 1452 ihi
392 1405 531 1469 campum
545 1403 654 1467 ponere
667 1386 777 1448 Fransa
793 1403 892 1449 suum.

171 1492 260 1564 Quod
278 1493 352 1554 dum
365 1508 418 1572 per
432 1494 536 1554 leltnas
548 1488 736 1554 intellexistis
754 1489 883 1572 abillis,

212 1595 368 1657 Pensande
381 1593 423 1657 sic
441 1593 483 1658 sie
497 1593 595 1657 omnia
613 1610 678 1657 vera
693 1593 810 1674 locent,

175 1695 282 1763 Paesto
290 1697 446 1780 ¹necneries
465 1697 626 1761 mandastis
640 1696 722 1761 mille
734 1700 864 1763 valenles
877 1748 884 1780 ,

213 1802 392 1866 Banneriam
404 1806 525 1883 pellant
536 1817 605 1864 cnm
619 1800 763 1865 brevitate
777 1802 873 1883 beni,

169 1907 230 1982 Qui
244 1907 360 1971 lediunl
372 1914 477 1986 lenas,
498 1922 616 1984 grossos
627 1904 759 1968 faciendo
772 1909 904 1986 velatos,

211 2010 337 2074 Festum
349 2006 520 2073 lombardis
532 2007 712 2072 conficiendo
725 2011 850 2072 bonurn.

171 2112 309 2192 Vinaque
323 2125 392 2175 cum
403 2108 496 2175 bussi
508 2111 621 2174 iaciunt
639 2117 758 2174 cantare
768 2114 797 2175 la
809 2119 935 2195 testam,
990 2176 991 2179 ,

212 2216 353 2292 lvrognas
371 2232 489 2292 grossas
507 2213 593 2291 gaiha
606 2221 728 2277 laverna
740 2214 819 2279 iacit.

171 2317 335 2397 {lampares
349 2316 623 2398 pluresbcuiertes
646 2324 676 2380 et
695 2317 873 2381 berehardes

212 2424 320 2487 Fecere
335 2418 478 2505 ayssadis‚
496 2437 533 2483 cn
546 2421 695 2503 loygando
707 2422 828 2503 selum,
902 2411 904 2417 ’

172 2530 246 2602 Quee
257 2532 339 2589 tenet
353 2524 390 2588 ad
401 2532 510 2587 testam
528 2524 669 2586 Barrelus
686 2521 921 2607 mentionees,

212 2631 251 2694 ut
266 2629 291 2692 si
309 2647 370 2692 neu
384 2629 533 2708 maabeel,
553 2634 624 2690 sunt
643 2626 768 2690 valitura
786 2625 848 2690 diu.

171 2732 278 2797 Cridda
292 2730 349 2794 luit
366 2739 433 2813 post
451 2732 508 2796 hoe
526 2749 578 2810 ner
597 2729 697 2793 sillam
716 2729 796 2808 regia
814 2731 909 2811 lacla,

213 2835 297 2908 Quod
312 2837 440 2915 populus
459 2835 565 2898 habeat
580 2832 707 2912 quisque
721 2841 823 2897 tenere
841 2833 957 2914 pedem.

171 2939 236 3002 Sub
250 2937 367 3017 magnis
386 2936 483 3018 poeuis
501 2935 634 3000 mullum
654 2943 802 3017 trumpela
817 2935 951 3018 sonavit,

212 3043 299 3106 Ullus
314 3058 373 3104 non
393 3040 479 3104 vadat
493 3057 525 3103 se
541 3037 663 3102 relicere
674 3041 763 3102 lenas.

170 3147 284 3220 Consul
305 3148 445 3228 porlallcs
459 3162 562 3209 omnes
581 3143 723 3223 gardabal
741 3144 921 3226 lunenses,

213 3251 252 3312 ill
266 3250 342 3327 bena
362 3256 433 3312 lunc
450 3255 549 3330 pessel
569 3264 656 3310 neme
675 3246 782 3311 salhire
800 3248 899 3310 ieras:
