2394 4148
150 354 188 410 ua
417 365 537 410 nurum
561 365 740 411 rumnrmsa

151 474 254 539 ltirere
272 493 330 536 nou
347 475 466 557 poterit,
489 475 568 554 qrrod
583 475 621 538 sit
642 473 760 539 victoria
774 493 908 555 soeum;

192 586 248 653 (ff
262 580 336 640 Nam
351 595 419 641 eum
435 578 573 660 paysanis
586 581 646 641 sola
658 581 776 642 bataiha
790 581 861 646 ruit.

154 684 288 748 Scribere
303 704 360 746 uon
375 682 471 762 faeiat,
488 699 628 760 guerram
643 684 721 760 quod
735 683 838 746 iecerit
852 683 974 766 istam,-

195 791 429 867 inrergoguatus
447 789 483 850 de
502 786 640 849 omnibus
655 786 718 866 ipse
731 787 818 849 roret.

155 893 223 956 Haeo
238 891 294 955 sihi
308 910 415 970 guerra
433 908 522 954 suum
540 909 621 954 nuno
638 887 787 953 etiarsarit
804 892 981 974 honorem,

193 1006 249 1071 (ff
264 1000 368 1061 Lausus
386 1000 480 1060 honor
494 995 635 1078 hominis,
652 995 765 1078 deperit
779 996 854 1078 ipse,
869 1004 982 1065 semel.

154 1105 192 1166 Et
207 1101 346 1182 quianon
362 1101 428 1166 sirit
441 1104 596 1181 Fransam
613 1119 667 1165 nee
682 1100 798 1165 vincere
810 1111 937 1185 posset,

195 1207 355 1290 Imperium
377 1209 474 1281 radat,
495 1225 607 1287 quma,
630 1208 752 1269 caenare
767 1223 869 1270 suum.

155 1316 247 1377 Nocte
260 1311 335 1393 pluit
351 1319 423 1390 tota,
448 1313 571 1375 redeunt
587 1313 754 1391 spectacula
773 1327 883 1388 maue;

195 1415 328 1480 ltirisum
344 1415 502 1497 imperium
515 1433 584 1479 eum
598 1418 668 1480 Jore
682 1414 770 1478 Cesar
785 1415 886 1478 habet.

158 1523 254 1585 Unam
269 1522 447 1599 noblessam,
467 1537 535 1599 qum
552 1520 695 1582 Frausam
711 1536 828 1600 semper
839 1521 973 1584 honorat

197 1627 277 1688 luter
291 1623 463 1702 eristioolas,
480 1624 529 1686 sed
548 1622 670 1686 recitare
685 1626 761 1685 tolo.

157 1729 223 1806 ng
237 1729 301 1810 Roy
317 1728 352 1790 de
364 1728 474 1790 Fransa
490 1728 639 1806 quondam
654 1725 710 1788 uir
726 1727 946 1807 induperator,

197 1831 254 1906 Qui
268 1829 361 1894 uoluit
382 1831 463 1893 raldo
485 1828 683 1910 multiplicare
697 1829 786 1892 fidem
800 1849 807 1907 ;

160 1935 249 1998 Gram
264 1936 494 2017 Chariesmayue
509 1951 560 2015 per
575 1934 722 1996 mnndum
743 1949 850 1997 nomen
865 1933 1015 2015 habebat,

199 2047 255 2114 tt?
263 2039 320 2114 Qui
333 2041 499 2103 Frausesus
512 2045 586 2117 orat,
607 2055 688 2100 rassa
702 2036 866 2116 triumphat
880 2035 919 2099 ei.

161 2144 272 2208 Omnes
292 2143 447 2223 Espagnas
466 2140 617 2221 gaguarit,
641 2146 768 2220 postque
789 2138 909 2203 reduxit

200 2247 269 2308 Illas
283 2246 319 2307 ad
339 2254 483 2326 sanctam,
504 2244 727 2322 Cristieolando,
741 2243 843 2306 fidem.

163 2349 244 2412 Ante
259 2367 310 2411 sou
324 2359 466 2413 arentum
485 2347 582 2412 omnis
599 2345 751 2412 Serrasina
769 2347 910 2410 manebat

202 2450 322 2533 Spania,
343 2468 412 2515 oum
426 2453 526 2515 Iudeis
545 2458 636 2530 atque
654 2452 826 2532 frequenter
839 2461 914 2514 erat.

162 2555 201 2617 Et
216 2557 348 2619 nondum
361 2554 440 2635 finis,
464 2554 635 2636 Baptismus
651 2572 708 2618 uon
724 2560 803 2617 tooat
817 2569 942 2633 omnes,

203 2663 321 2726 Mouros
340 2668 369 2724 et
386 2662 516 2724 eseluros
535 2676 643 2741 nempe
662 2659 790 2723 Granata
803 2665 897 2723 tenet.

163 2767 223 2829 Nos
242 2766 324 2829 deret
338 2764 368 2826 in
384 2765 533 2844 Spagnam
551 2763 661 2828 iterum
684 2763 824 2827 mandare
837 2762 1013 2840 hatalham,

203 2876 260 2942 m?
271 2871 395 2947 Propter
411 2867 574 2954 Serrapnos
593 2866 796 2932 Christianam
809 2869 915 2932 maios.

162 2977 218 3039 Por
237 2977 338 3055 pluros
350 2973 441 3037 libros
456 2974 631 3039 haecomnia
652 2974 706 3037 rite
721 2975 909 3054 probantur;

202 3079 263 3142 Nee
283 3083 315 3139 tu
330 3078 386 3141 hoe
400 3085 462 3140 tam
478 3095 593 3159 verum,
610 3079 741 3159 Spagna,
757 3091 867 3156 negare
885 3082 990 3156 potes;

164 3185 202 3248 Et
217 3201 297 3246 nune
312 3202 365 3264 pro
378 3191 460 3246 tauto
481 3202 539 3246 nou
555 3181 653 3246 rendis
673 3198 799 3244 munere
817 3187 936 3259 gratos,

203 3286 258 3349 Seu
275 3287 351 3348 mata
367 3304 419 3364 pro
435 3285 552 3364 inagnis
568 3284 611 3348 ris
630 3285 698 3347 dare
718 3300 826 3362 magna
840 3280 940 3346 bonis.
