2394 4148
169 346 227 406 ted
432 359 553 406 unrcnn
572 361 763 413 rnrmrnrsa.

168 471 216 536 Sic
230 478 330 554 presto
344 479 474 536 vestram
488 472 607 536 voluisti
626 489 735 554 ponere
749 471 872 556 vitam,

209 576 265 639 Per
280 592 334 638 nos
348 575 499 654 salvande,
516 581 636 654 totaque
650 581 750 638 nostra
765 574 861 639 bona.

172 678 279 743 Vostre
290 678 359 744 bien
378 686 497 742 tantum
510 680 569 743 Vos
584 697 643 743 non
658 680 772 743 huttare
787 679 917 763 uolisti,

209 784 267 848 Sed
279 786 308 847 la
323 800 491 864 personam,
507 802 566 848 non
581 782 741 848 dubitando
756 783 844 848 mori.

170 887 261 968 Regia
275 906 364 952 causa
378 887 435 952 fuit
448 887 555 952 restris
570 905 743 953 succurrere
755 888 871 968 lapsis,

211 999 269 1068 οἳ·
282 991 402 1056 Mentiri
417 991 511 1058 nescit
525 992 647 1072 sanguis
661 1010 760 1057 amare
774 1011 857 1056 suos.

170 1097 234 1161 Non
251 1102 351 1176 posset
365 1095 456 1159 Vobis
470 1114 605 1176 unquam
618 1103 661 1159 tot
675 1096 796 1160 reddere
811 1103 917 1175 grates
932 1148 943 1178 ,

208 1200 360 1279 Quotquot
377 1218 429 1280 pro
444 1200 559 1265 meritis
573 1201 604 1264 in
618 1200 732 1265 ratione
744 1203 872 1281 iacent.¹

170 1302 302 1368 Sufficiat
317 1310 436 1369 tantum
450 1322 503 1385 pro
523 1323 603 1370 nunc
624 1323 678 1368 sna
691 1304 750 1368 fida
764 1307 906 1370 voluntas
921 1357 930 1388 ,

207 1406 265 1468 Pro
279 1404 370 1469 Vobis
384 1413 512 1470 mortem
527 1406 671 1486 prendere
685 1413 821 1487 prompta
837 1417 954 1474 manet.

170 1513 235 1577 Non
250 1512 345 1594 magis
359 1514 396 1577 ad
409 1514 562 1578 Christum
576 1513 673 1595 potuit
687 1532 767 1579 nunc
781 1533 848 1580 esse
861 1519 962 1586 fidelis
976 1571 984 1601 ,

213 1619 309 1693 Quam
323 1619 413 1683 tuerit
427 1619 517 1683 Vobis
529 1641 536 1699 3
553 1621 628 1684 facta
643 1622 766 1700 probata
780 1623 921 1701 probant.

175 1724 235 1788 Vos
244 1730 348 1805 pregat
360 1722 422 1804 ipsa
438 1731 549 1804 tamen,
565 1724 644 1804 quod
654 1743 705 1788 ros
719 1725 850 1805 pensatis
863 1728 900 1792 ad
914 1728 1049 1813 ipsam;,

212 1826 300 1891 Nune
313 1833 434 1907 propter
448 1844 571 1906 guerras
590 1846 720 1909 paupera
734 1834 796 1892 tcta
811 1829 907 1908 jacet„

172 1928 298 1997 Reddite
312 1950 365 1996 nos
380 1934 465 2013 tales,
486 1940 521 1996 ut
540 1932 676 2013 quisquis
691 1933 798 1998 vixerit
811 1932 900 2017 inde,

213 2039 344 2119 degatur
358 2058 467 2125 nomen
483 2040 646 2120 glorificare
659 2048 760 2104 tuum.

176 2141 280 2221 Atque
291 2149 357 2207 tuas
372 2150 434 2207 toto
449 2160 619 2223 quaeramus
634 2151 752 2224 pectore
762 2145 883 2224 laudes3

212 2243 359 2324 Perpetuo
373 2243 465 2326 vivas,
481 2245 598 2327 publica
612 2247 691 2310 fama
705 2246 809 2311 cridet.

175 2344 232 2420 Qui
245 2345 314 2410 iecit
327 2345 438 2412 librum
452 2368 505 2431 pro
519 2351 641 2432 Fransa,
657 2351 723 2415 Rex
736 2351 814 2417 hone
828 2358 952 2435 noster,

216 2447 322 2511 Vester
336 2450 466 2514 varietus
480 2453 559 2516 fidus
572 2453 610 2517 ad
623 2470 712 2518 omne
725 2459 839 2519 manet.
868 2518 871 2524 .

179 2554 236 2620 Sed
253 2559 355 2617 tamen
369 2552 499 2618 officium
518 2572 657 2634 grassum
675 2556 784 2622 desirat
798 2559 926 2639 hahere,

217 2660 277 2725 Pro
290 2657 517 2740 banquetand03
535 2659 594 2723 Vos
613 2660 692 2742 date,
708 2678 821 2743 quaeso,
838 2659 904 2726 sibi.

179 2761 223 2827 De
236 2762 377 2826 tres-hon
391 2778 498 2825 cueurs
512 2758 587 2825 illud
599 2759 711 2843 capiet,
728 2761 793 2827 sine
803 2763 906 2842 iauta,

216 2864 274 2926 Pro
287 2861 385 2926 lettris
404 2864 493 2928 vellet
507 2870 598 2945 atque
612 2881 721 2946 pagare
735 2862 829 2928 nihil:

179 2969 220 3032 Le
234 2965 362 3030 Seretari
375 2966 505 3050 Domini,
522 2967 574 3049 qui
589 2976 696 3033 cuncta
711 2973 877 3046 secretam,

216 3072 264 3139 Nil
278 3070 334 3138 sihi
349 3073 539 3159 demandant,
555 3076 627 3142 nina
643 3093 696 3142 nec
717 3077 777 3140 ulla
793 3076 909 3146 uolunt.
934 3144 936 3149 ,
954 3172 957 3180 r
1038 3040 1041 3046 ἢ
